2116 3532
69 272 136 321 Dies
149 270 238 321 XXX.

106 415 245 465 Generatio
268 425 292 465 et
314 418 443 481 generatio
459 418 510 467 lau-

68 480 145 530 dabit
158 497 234 544 0pera
250 490 293 530 tua
314 501 320 532 :
337 491 361 532 et
373 484 512 548 potentiam

69 553 144 594 tuam
157 548 360 610 pronuntiabunt.

105 611 322 675 Magnificentiam
338 613 425 677 gloriae
442 631 510 662 sanc·

70 676 152 724 titatis
164 685 213 726 tuae
225 678 356 742 loquentur
377 698 384 729 :
401 688 425 728 et
437 680 510 728 mira·

70 741 135 790 bilia
147 750 190 790 tua
201 744 342 793 narrabunt.

106 808 141 855 Et
154 808 270 856 virtutem
288 810 435 857 terribilium
454 816 508 858 tuo·

76 887 134 920 rum
152 873 235 922 dicent
251 883 293 924 :et
310 875 509 939 magnitudinem

74 946 146 986 tuam
158 939 301 988 narrabunt.

106 1003 259 1052 Memoriam
277 1005 437 1054 abundantiae
454 1021 509 1053 sua·

72 1067 156 1116 vitatis
168 1077 217 1117 ture
229 1071 375 1119 eructabunt
395 1087 401 1119 :
419 1079 443 1119 et
458 1070 510 1134 jus·

74 1132 129 1182 titia
142 1141 184 1182 tua
196 1135 363 1184 exsultabunt.

106 1199 241 1248 Miserator
261 1210 285 1248 et
302 1201 440 1249 misericors
457 1200 508 1249 Do·

73 1263 155 1312 minus
187 1283 193 1314 :
222 1266 318 1328 patiens
350 1275 375 1315 et
402 1266 509 1314 multum

74 1343 221 1379 m1serrcors.

107 1394 199 1444 Suavis
220 1395 344 1444 Dominus
361 1396 482 1445 universis
502 1413 508 1446 ε

73 1467 98 1508 et
141 1460 313 1509 miserationes
346 1461 400 1525 ejus
435 1479 509 1525 super

74 1525 159 1574 omnia
171 1542 247 1590 opera
259 1527 318 1590 ejus.

105 1590 280 1640 Confiteautur
308 1592 361 1650 tibi,
388 1591 505 1652 Domine,

73 1657 158 1704 omnia
170 1673 246 1720 opera
264 1666 307 1705 tua
322 1666 364 1707 :et
376 1659 454 1707 sancti
472 1659 508 1706 tui

72 1721 222 1770 benedicant
233 1723 287 1770 tibi.

104 1787 220 1836 Gloriam
247 1788 317 1851 regni
339 1788 375 1836 tui
398 1788 481 1837 dicent
502 1807 509 1838 ε

74 1859 99 1902 et
110 1853 250 1915 potentiam
263 1861 331 1901 tuam
343 1853 477 1917 loquentur
491 1871 498 1904 ε

104 1917 143 1966 Ut
156 1925 243 1966 notam
256 1918 347 1966 saciant
360 1919 416 1967 tiliis
428 1919 508 1967 homi·

72 1998 132 2030 num
144 1983 286 2046 potentiam
301 1990 369 2032 tuam
392 2003 398 2036 ς
415 1991 438 2032 et
456 1985 509 2047 glo-

69 2049 132 2097 riam
144 2048 336 2111 magnificentia»
348 2050 416 2112 regni
428 2051 472 2098 tui.

104 2114 225 2178 Regnum
242 2123 315 2162 tuum
333 2130 437 2178 regnum
455 2131 508 2163 om·

70 2179 143 2228 nium
159 2179 309 2228 saeculorum
330 2198 336 2228 :
354 2189 378 2228 et
396 2180 509 2229 domina·

70 2244 106 2293 tio
118 2252 164 2292 tua
176 2245 203 2292 in
220 2246 289 2293 omni
306 2246 469 2309 generatione
485 2258 510 2295 et

68 2311 264 2374 generationem.

103 2375 199 2424 Fidelis
212 2374 337 2424 Dominus
355 2376 380 2423 in
393 2376 511 2425 omnibus

9 2440 13 2451 ‘
68 2441 152 2488 verbis
164 2440 215 2488 suis
236 2459 242 2490 ε
260 2449 283 2490 et
296 2449 396 2490 sauctus
413 2441 439 2489 in
455 2457 508 2490 om-

67 2505 143 2554 nibus
156 2505 273 2569 operibus
285 2507 342 2555 suis,

102 2571 206 2619 Allevat
219 2570 344 2620 Dominus
356 2587 451 2632 omnes,
465 2572 509 2636 qui

68 2644 188 2684 corruunt
220 2654 226 2686 :
260 2644 284 2686 et
318 2638 390 2701 erigit
421 2652 509 2686 omnes

68 2701 151 2751 elisos.

50 2816 56 2831 ,
102 2765 179 2816 Oculi
191 2767 304 2815 omniurn
321 2767 347 2815 in
359 2776 384 2816 te
395 2774 504 2830 sperant,

471 267 581 336 baulai.

857 273 902 321 ‘lu'
911 272 975 320 ⁴llus.

543 419 591 469 viis
603 421 652 469 suis
665 439 671 471 :
683 428 707 470 et
719 429 818 471 sanctus
827 422 852 470 in
863 423 979 472 omnibus

543 487 659 550 operibus
671 487 728 535 suis.

576 552 658 615 Prope
670 561 706 601 est
719 553 843 601 Dominus
861 555 979 602 omnibus

541 616 714 665 invocantibus
742 633 800 666 eum
827 637 833 668 :
861 620 979 667 omnibus

542 681 716 730 invocantibus
728 697 785 731 eum
799 683 823 730 in
836 685 946 732 veritate.

574 747 739 795 Voluntatem
773 748 916 796 timentium
952 765 978 798 se

540 811 613 860 saciet
624 830 631 860 ε
643 821 667 860 et
679 813 880 876 deprecationem
891 831 978 862 eorum

540 877 663 936 exaudiet,
678 885 702 925 et
714 878 795 925 salvos
807 879 879 927 saciet
892 897 941 928 eos.

574 942 690 991 Custodit
727 942 852 992 Dominus
891 961 978 994 omues

540 1008 672 1071 diligentes
689 1024 715 1056 se
730 1018 769 1057 :et
787 1025 874 1057 omnes
891 1027 976 1073 peeca-

540 1081 606 1121 tores
618 1074 752 1136 disperdet.

574 1139 759 1187 Laudationem
771 1138 875 1187 Domini
892 1140 976 1203 loque·

541 1210 582 1252 tur
602 1220 630 1252 os
652 1219 738 1252 meum
765 1223 771 1254 z
794 1212 818 1253 et
847 1207 977 1253 bene-dieat

540 1269 623 1317 omnis
635 1285 692 1317 caro
704 1270 730 1317 N
732 1270 810 1318 omini
821 1280 906 1317 sancto
925 1271 978 1333 ejus

540 1334 566 1382 in
594 1334 723 1395 saeculum,
750 1343 774 1384 et
802 1336 828 1382 in
856 1337 976 1384 saeculum

540 1401 632 1449 saeculi.

633 1539 765 1587 Psaauus
778 1538 899 1587 CXLVI.

590 1653 703 1715 AUDA,
716 1655 800 1702 anima
809 1670 873 1711 mea,
889 1654 976 1702 Domi·

622 1735 698 1780 num;
716 1720 827 1768 laudabo
838 1720 976 1767 Dominum

540 1786 565 1833 in
577 1785 628 1833 vita
640 1801 696 1833 mea
711 1805 717 1834 :
729 1786 835 1849 psallam
854 1785 908 1832 Deo
920 1801 977 1833 meo

540 1851 663 1915 quamdiu
675 1850 752 1898 suero.

574 1917 661 1964 Nolite
678 1915 803 1964 considere
820 1916 845 1962 in
858 1915 975 1978 principi-

539 1982 588 2030 bus
603 1981 646 2030 :in
659 1980 715 2029 filiis
726 1980 866 2039 hominum,
880 1982 904 2028 in
922 1981 975 2044 qui·

540 2048 588 2095 bus
600 2062 650 2094 non
662 2055 698 2094 est
710 2046 784 2095 salus.

575 2112 660 2159 Exibit
683 2111 784 2175 spiritus
806 2111 867 2175 ejus,
893 2119 916 2159 et
940 2127 975 2158 re·

541 2184 650 2226 vertetur
667 2177 691 2225 in
715 2185 806 2225 terram
824 2192 893 2224 suam
922 2195 928 2224 :
951 2177 976 2223 in

541 2243 585 2291 illa
596 2243 636 2291 die
648 2242 766 2306 peribunt
781 2257 867 2290 omnes
884 2242 976 2304 cogita-

541 2309 621 2357 tiones
633 2323 727 2357 eorum.

575 2375 675 2431 Beatus,
701 2372 773 2435 cujus
801 2373 872 2420 Deus
896 2372 977 2435 Jacob

541 2438 641 2501 adjutor
658 2438 718 2501 ejus,
739 2454 795 2501 spes
814 2437 867 2500 ejus
888 2437 911 2483 in
925 2437 976 2484 Do·

540 2505 610 2552 mino
639 2504 696 2551 Deo
724 2503 810 2566 ipsius,
842 2502 885 2565 qui
919 2502 976 2549 secit

541 2569 633 2618 coelum
657 2576 681 2616 et
703 2576 794 2616 terram
821 2585 826 2616 :
850 2583 926 2626 mare,
952 2575 977 2615 et

541 2635 626 2683 omnia
637 2649 694 2697 quae
706 2634 731 2681 in
744 2634 778 2681 eis
790 2640 855 2681 sunt.

574 2700 626 2762 Qui
655 2699 763 2747 custodit
792 2699 921 2746 veritatem
951 2697 976 2744 in

539 2765 682 2824 saeculum;
705 2764 762 2812 facit
786 2763 910 2826 judicium
940 2763 975 2810 in·

68 2831 181 2880 Domine
197 2840 240 2881 :et
252 2840 280 2880 tu
297 2833 341 2881 das
351 2848 433 2881 escam
450 2833 505 2882 illo·
536 2830 629 2893 jurium
647 2829 800 2893 patientibus
815 2830 875 2877 :dat
893 2843 976 2876 escam

68 2911 125 2946 rum
137 2898 164 2944 in
178 2904 291 2960 tempore
302 2907 452 2962 opportuno.

100 2963 194 3026 Aperis
205 2971 233 3010 tu
251 2978 354 3011 manum
367 2973 436 3011 tuam
457 2980 463 3014 :
482 2972 506 3012 et

66 3028 158 3090 imples
181 3043 256 3076 omne
276 3029 369 3076 animal
386 3029 502 3077 benedic-

66 3094 143 3142 tione.

96 3159 186 3223 Justus
203 3158 329 3208 Dominus
345 3159 371 3207 in
388 3158 505 3207 omnibus

130 3236 180 3280 313

539 2895 712 2944 esurientibus.

572 2959 697 3008 Dominus
709 2959 782 3007 solvit
795 2959 951 3021 compeditos
970 2977 977 3007 :

537 3026 662 3074 Dominus
674 3025 800 3073 illuminat
813 3041 899 3072 caeos.

570 3091 696 3139 Dominus
716 3090 786 3153 erigit
807 3090 881 3138 elisos
902 3088 977 3140 :Do-

537 3157 621 3205 minus
631 3156 712 3220 diligit
724 3155 809 3219 justos
