2116 3532
65 289 126 338 Dies
136 288 216 338 XVI.
451 285 562 354 {paulati
802 310 805 314 ⁸
840 289 962 354 Adl'op.

92 415 224 480 Quoniam
252 432 309 465 ecce
336 415 431 464 inimici
458 415 494 464 tui
527 416 553 466 in
568 417 686 467 seculum
702 419 786 467 saeculi
799 437 804 468 :
817 427 841 469 et
858 419 959 468 consun-

59 489 214 531 sonuerunt:
231 489 256 530 et
275 482 318 546 qui
344 482 450 530 oderunt
470 489 495 530 te
527 484 626 542 dantur,
640 491 665 533 et
676 493 784 548 pereant.

60 547 201 596 extulerunt
213 555 295 611 caput.
561 549 594 597 Et
612 557 764 612 cognoscant
780 550 839 614 quia
857 550 958 599 Nomen

92 613 177 676 Super
188 612 310 676 populum
322 620 392 660 tuum
408 611 495 674 malig-
527 614 573 662 tibi
585 615 710 663 Dominus
722 633 728 663 r
744 623 771 663 tu
783 617 849 664 solus
862 616 960 664 Altissi·

60 685 183 726 naverunt
206 677 354 726 consilium:
383 686 407 726 et
430 678 495 740 cogi-
528 695 583 728 mus
594 679 620 727 in
632 681 701 729 omni
713 688 784 730 terra

61 750 178 792 taverunt
189 743 308 791 adversus
320 750 418 790 sanctos
430 751 492 791 tuos.

94 808 228 867 Dixerunt,
248 807 346 867 Venite,
361 816 386 856 et
402 807 496 871 disper-

62 873 151 921 damus
172 888 215 921 eos
233 873 265 921 de
287 881 380 936 gente:
403 883 427 921 et
446 889 497 921 non
599 842 729 892 PSALMUS
746 843 892 893 LXXXIV·

65 940 215 987 memoretur
227 954 319 986 nomen
331 938 408 987 Israel
422 938 493 986 ultra
591 937 674 986 UAM
693 938 784 986 dilecta
803 928 961 987 tabernacula

95 1004 225 1066 Quoniam
248 1004 418 1067 cogitaverunt
438 1019 497 1051 una·
623 1011 672 1061 tua,
696 1004 807 1053 Domine
825 1005 962 1052 virtutum:

66 1069 165 1117 nimiter
191 1069 264 1117 simul
291 1070 422 1117 adversum
454 1076 498 1130 te:
531 1051 683 1132 erulcupiscit
711 1078 736 1117 et
764 1069 847 1118 deficit
880 1072 963 1118 anima

67 1142 240 1183 testamentum
259 1134 440 1197 disposuerunt,
462 1142 498 1182 ta·
531 1149 586 1182 mea
599 1135 623 1180 in
636 1134 698 1181 atria
710 1135 821 1184 Domini.

67 1199 197 1248 bemacula
208 1200 377 1248 Idumaeorum
386 1208 411 1247 et
421 1201 498 1247 Isma·
566 1199 617 1247 Cor
628 1215 709 1247 meum
723 1208 748 1247 et
759 1216 816 1248 caro
832 1217 888 1248 mea
900 1219 905 1249 :
923 1217 963 1248 ex·

67 1263 149 1312 helitae
161 1282 167 1313 :
532 1264 684 1312 sultaverunt
696 1265 721 1312 in
735 1266 817 1313 Deum
829 1267 921 1314 vivum.

97 1330 185 1389 Moab,
201 1337 225 1378 et
238 1329 356 1392 Agareni,
372 1329 460 1389 Gebal,
475 1336 500 1378 et
566 1330 667 1378 Etenim
690 1346 774 1393 passer
801 1331 894 1379 invenit
918 1332 965 1378 sibi

69 1395 185 1454 Ammon,
193 1402 217 1442 et
225 1395 330 1443 Amalec
341 1395 500 1458 :alienigenae
532 1395 635 1442 domum
654 1403 678 1442 et
698 1403 777 1443 turtur
796 1397 883 1443 nidum
902 1398 966 1444 sibi:

69 1474 121 1508 cum
134 1460 306 1508 habitantibus
319 1461 419 1524 Tyrum.
532 1460 576 1508 ubi
587 1467 665 1523 ponat
677 1460 758 1523 pullos
770 1477 827 1509 suos
841 1479 845 1509 :

98 1525 201 1573 Etenim
234 1526 314 1573 Assur
343 1526 410 1574 venit
443 1541 500 1573 cum
565 1526 664 1573 Altaria
682 1532 732 1584 tua,
759 1527 868 1575 Domine
890 1528 965 1574 virtu·

69 1588 112 1639 illis
125 1608 132 1638 z
149 1590 210 1638 sacti
226 1598 284 1638 sunt
301 1591 328 1638 in
349 1591 500 1652 adjutorium
532 1598 604 1639 tum:
617 1591 672 1638 Rex
684 1607 761 1649 meus,
773 1599 797 1639 et
808 1592 876 1640 Deus
886 1609 961 1640 meus.

69 1654 120 1704 filiis
132 1656 190 1704 Lot.
566 1656 637 1703 Beati
656 1656 697 1719 qui
716 1655 829 1704 habitant
848 1658 873 1704 in
890 1659 966 1705 domo

96 1721 149 1769 Fac
172 1720 223 1768 illis
245 1720 307 1768 sieut
336 1720 449 1779 Madian,
475 1727 500 1769 et
533 1728 583 1779 tua,
600 1721 727 1769 Domine:
746 1722 770 1769 in
787 1723 966 1771 saeculasrecu-

69 1784 173 1835 Sisarae:
190 1785 254 1833 sieut
262 1785 339 1849 Jabin
350 1786 376 1833 in
393 1794 500 1834 torrente
532 1784 613 1834 lorum
625 1786 763 1834 laudabunt
775 1795 806 1835 te.

68 1851 150 1900 Cison.
566 1851 658 1899 Beatus
670 1852 707 1898 vir
719 1852 787 1914 cujus
800 1862 835 1900 est
848 1853 965 1900 auxilium

95 1915 273 1980 Disperiemnt
285 1916 310 1963 in
323 1917 412 1964 Endor
424 1934 429 1965 :
442 1915 500 1964 faeti
532 1916 577 1964 abs
586 1925 610 1964 te
623 1934 629 1963 ε
641 1917 797 1965 ascensiones
807 1919 831 1964 in
839 1920 913 1965 corde
922 1935 967 1966 suo

64 1990 118 2030 sunt
131 1993 159 2030 ut
171 1989 266 2030 stercus
277 1990 354 2029 terrae.
532 1981 661 2044 disposuit,
677 1981 702 2028 in
715 1981 779 2030 valle
792 1982 962 2046 lacrymarum,

96 2049 170 2096 Pone
187 2046 313 2110 principes
331 2062 417 2094 eorum
437 2047 500 2094 sicut
533 2047 558 2093 in
570 2045 626 2094 loco
639 2062 713 2109 quem
725 2048 815 2110 posuit.

63 2113 133 2162 Oreb
145 2119 172 2160 et
184 2111 237 2160 Zeb
249 2129 256 2160 ε
270 2119 294 2160 et
306 2112 395 2171 Zebee,
407 2119 432 2160 et
445 2112 499 2160 Sal·
566 2112 666 2159 Etenim
682 2113 881 2161 benedictionem
897 2115 966 2162 dabit

63 2193 149 2226 mana
532 2177 659 2239 legislator
669 2195 676 2236 ;
694 2177 765 2225 ibunt
785 2179 816 2226 de
833 2180 922 2227 virtute
941 2181 965 2227 iu

95 2243 195 2292 Omnes
213 2241 337 2305 principes
356 2258 441 2291 eorum
457 2243 500 2306 qui
532 2243 667 2290 virtutem:
685 2243 810 2291 videbitur
827 2245 895 2292 Deus
907 2245 964 2293 ‹leo-

61 2307 197 2357 dixerunt:
211 2307 365 2355 Haereditate
375 2308 500 2370 possidea-
532 2324 586 2355 rum
598 2307 624 2355 in
637 2308 705 2356 Sion.

61 2389 118 2421 mus
130 2372 298 2421 sanctuarium
310 2373 366 2422 Dei.
566 2373 676 2421 Domine
693 2374 761 2422 Deus
777 2374 903 2433 virtutum,
926 2391 966 2423 ex·

92 2439 170 2486 Deus
197 2453 276 2496 meus,
301 2453 368 2501 pone
390 2437 446 2486 illos
473 2446 501 2486 ut
532 2439 591 2486 audi
603 2439 740 2486 orationem
749 2455 849 2488 meam:
867 2441 967 2490 auribus

62 2511 163 2552 rotam:
182 2510 207 2550 et
224 2503 287 2551 sieut
305 2503 423 2567 stipulam
443 2512 501 2552 ante
533 2503 640 2566 percipe,
657 2504 726 2552 Deus
737 2505 824 2567 Jacob.

62 2569 154 2617 saciem
166 2567 241 2617 venti.
566 2569 948 2632 ProtectornosteraspiceDeus
961 2591 966 2619 :

97 2633 171 2682 Sicut
202 2633 267 2695 ignis
301 2633 343 2697 qui
378 2633 501 2681 comburit
533 2641 558 2681 et
584 2634 679 2698 respice
704 2634 730 2682 in
756 2634 845 2683 faciem
873 2637 964 2685 Christi

64 2699 180 2762 sylvam:
196 2706 222 2746 et
237 2698 300 2746 sicut
317 2698 419 2746 flamma
434 2715 500 2747 com·
534 2699 588 2747 tui:

65 2764 159 2812 burens
170 2771 288 2811 montes:
566 2764 632 2826 Quia
648 2763 737 2813 melior
752 2771 789 2813 est
804 2765 856 2813 (lies
873 2783 922 2814 una
940 2767 963 2815 in

98 2830 139 2878 Ita
155 2828 310 2893 persequeris
326 2828 383 2877 illos
401 2829 427 2876 in
438 2837 499 2877 tem·
532 2830 600 2877 atriis
609 2830 658 2878 tuis
670 2847 676 2877 ε
688 2845 762 2892 super
773 2831 858 2879 millia.

66 2901 164 2958 pestate
179 2901 240 2942 tua:
258 2901 283 2942 et
299 2895 325 2942 iu
341 2894 378 2942 ira
393 2902 436 2942 tua
450 2902 500 2942 tur·
566 2895 637 2957 Elegi
654 2894 764 2957 abjectus
781 2911 833 2943 esse
846 2897 871 2943 in
888 2897 964 2946 domo

67 2960 137 3008 babis
151 2975 201 3008 eos.
534 2960 583 3008 Dei
595 2960 644 3007 mei
656 2978 661 3008 ι
674 2961 753 3022 magis
765 2977 840 3022 quam
853 2962 964 3011 habitare

98 3025 182 3088 Imple
199 3024 274 3073 iacies
291 3040 379 3073 eorum
392 3025 499 3087 ignomi-
534 3026 559 3072 in
571 3024 735 3073 tabernaculis
746 3034 911 3088 peccatorum.

67 3090 124 3138 nia:
137 3098 163 3138 et
174 3098 287 3154 quaerent
303 3090 406 3139 Nomen
419 3099 496 3150 tuum,
567 3091 633 3152 Quia
652 3090 845 3138 misericordiam
864 3101 888 3139 et
904 3094 965 3140 reri-

68 3156 184 3204 Domine
534 3163 613 3205 tatem
624 3155 709 3220 (liligit
717 3155 810 3204 Deus:
826 3158 939 3218 gratiam
952 3166 982 3202 et

94 3221 256 3341 Effmt'
277 3228 303 3269 et
318 3222 501 3274 conturbentur
536 3223 648 3290 gloriam
659 3221 891 3274 dabitDonimus.

155 3294 168 3328 1
