<?xml version="1.0" encoding="UTF-8"?>
<!DOCTYPE html PUBLIC "-//W3C//DTD XHTML 1.0 Transitional//EN"
    "http://www.w3.org/TR/xhtml1/DTD/xhtml1-transitional.dtd">
<html xmlns="http://www.w3.org/1999/xhtml" xml:lang="en" lang="en">
 <head>
  <title>
</title>
<meta http-equiv="Content-Type" content="text/html;charset=utf-8" />
  <meta name='ocr-system' content='tesseract 3.04.00' />
  <meta name='ocr-capabilities' content='ocr_page ocr_carea ocr_par ocr_line ocrx_word'/>
</head>
<body>
  <div class='ocr_page' id='page_1' title='image "./liberprecumpubl00englgoog_0029.png"; bbox 0 0 2100 3524; ppageno 0'>
   <div class='ocr_carea' id='block_1_1' title="bbox 364 267 744 338">
    <p class='ocr_par' dir='ltr' id='par_1_1' title="bbox 364 267 744 338">
     <span class='ocr_line' id='line_1_1' title="bbox 364 267 744 338; baseline 0.018 -16"><span class='ocrx_word' id='word_1_1' title='bbox 364 267 436 323; x_wconf 53' lang='lat' dir='ltr'><strong>terta</strong></span> <span class='ocrx_word' id='word_1_2' title='bbox 454 269 563 338; x_wconf 65' lang='lat' dir='ltr'><strong>{traam</strong></span> <span class='ocrx_word' id='word_1_3' title='bbox 580 270 744 338; x_wconf 64' lang='lat' dir='ltr'><strong>psalterium.</strong></span> 
     </span>
    </p>
   </div>
   <div class='ocr_carea' id='block_1_2' title="bbox 114 409 957 1309">
    <p class='ocr_par' dir='ltr' id='par_1_2' title="bbox 114 409 957 1309">
     <span class='ocr_line' id='line_1_2' title="bbox 116 409 951 485; baseline 0 -26"><span class='ocrx_word' id='word_1_4' title='bbox 116 410 168 476; x_wconf 89' lang='lat' dir='ltr'><strong>qui,</strong></span> <span class='ocrx_word' id='word_1_5' title='bbox 190 411 276 471; x_wconf 89' lang='lat' dir='ltr'><strong>(modo</strong></span> <span class='ocrx_word' id='word_1_6' title='bbox 291 409 359 474; x_wconf 86' lang='lat' dir='ltr'><strong>justa</strong></span> <span class='ocrx_word' id='word_1_7' title='bbox 379 410 444 458; x_wconf 85' lang='lat' dir='ltr'><strong>adsit</strong></span> <span class='ocrx_word' id='word_1_8' title='bbox 462 411 556 469; x_wconf 66' lang='lat' dir='ltr'><strong>causa)</strong></span> <span class='ocrx_word' id='word_1_9' title='bbox 574 409 665 458; x_wconf 85' lang='lat' dir='ltr'><strong>mutari</strong></span> <span class='ocrx_word' id='word_1_10' title='bbox 684 416 777 485; x_wconf 88' lang='lat' dir='ltr'><strong>potest,</strong></span> <span class='ocrx_word' id='word_1_11' title='bbox 797 415 874 473; x_wconf 87' lang='lat' dir='ltr'><strong>atque</strong></span> <span class='ocrx_word' id='word_1_12' title='bbox 892 409 951 459; x_wconf 90' lang='lat' dir='ltr'><strong>ideo</strong></span> 
     </span>
     <span class='ocr_line' id='line_1_3' title="bbox 117 475 957 540; baseline -0.004 -15"><span class='ocrx_word' id='word_1_13' title='bbox 117 484 175 525; x_wconf 91' lang='lat' dir='ltr'><strong>sunt</strong></span> <span class='ocrx_word' id='word_1_14' title='bbox 198 477 253 540; x_wconf 91' lang='lat' dir='ltr'><strong>pari</strong></span> <span class='ocrx_word' id='word_1_15' title='bbox 277 477 373 525; x_wconf 88' lang='lat' dir='ltr'><strong>ratione</strong></span> <span class='ocrx_word' id='word_1_16' title='bbox 389 491 418 524; x_wconf 92' lang='lat' dir='ltr'><strong>ac</strong></span> <span class='ocrx_word' id='word_1_17' title='bbox 443 475 496 524; x_wconf 89' lang='lat' dir='ltr'><strong>Lex</strong></span> <span class='ocrx_word' id='word_1_18' title='bbox 521 475 614 523; x_wconf 86' lang='lat' dir='ltr'><strong>Divina</strong></span> <span class='ocrx_word' id='word_1_19' title='bbox 637 475 799 523; x_wconf 80' lang='lat' dir='ltr'><strong>aestimandae.</strong></span> <span class='ocrx_word' id='word_1_20' title='bbox 848 475 914 537; x_wconf 85' lang='lat' dir='ltr'><strong>Quae</strong></span> <span class='ocrx_word' id='word_1_21' title='bbox 939 492 957 522; x_wconf 54' lang='lat' dir='ltr'><strong>a*</strong></span> 
     </span>
     <span class='ocr_line' id='line_1_4' title="bbox 118 540 957 603; baseline 0 -14"><span class='ocrx_word' id='word_1_22' title='bbox 118 542 284 600; x_wconf 85' lang='lat' dir='ltr'><strong>Caerimoniae,</strong></span> <span class='ocrx_word' id='word_1_23' title='bbox 299 557 356 590; x_wconf 92' lang='lat' dir='ltr'><strong>cum</strong></span> <span class='ocrx_word' id='word_1_24' title='bbox 373 557 419 590; x_wconf 90' lang='lat' dir='ltr'><strong>nec</strong></span> <span class='ocrx_word' id='word_1_25' title='bbox 436 549 512 589; x_wconf 83' lang='lat' dir='ltr'><strong>mutae</strong></span> <span class='ocrx_word' id='word_1_26' title='bbox 529 557 576 589; x_wconf 92' lang='lat' dir='ltr'><strong>nec</strong></span> <span class='ocrx_word' id='word_1_27' title='bbox 587 541 699 589; x_wconf 88' lang='lat' dir='ltr'><strong>obscurae</strong></span> <span class='ocrx_word' id='word_1_28' title='bbox 716 548 781 597; x_wconf 88' lang='lat' dir='ltr'><strong>sunt,</strong></span> <span class='ocrx_word' id='word_1_29' title='bbox 797 540 831 587; x_wconf 89' lang='lat' dir='ltr'><strong>ita</strong></span> <span class='ocrx_word' id='word_1_30' title='bbox 849 541 957 603; x_wconf 64' lang='lat' dir='ltr'><strong>prolem]</strong></span> 
     </span>
     <span class='ocr_line' id='line_1_5' title="bbox 116 604 957 671; baseline -0.004 -16"><span class='ocrx_word' id='word_1_31' title='bbox 116 615 145 656; x_wconf 81' lang='lat' dir='ltr'><strong>ut</strong></span> <span class='ocrx_word' id='word_1_32' title='bbox 156 608 261 671; x_wconf 92' lang='lat' dir='ltr'><strong>quisque</strong></span> <span class='ocrx_word' id='word_1_33' title='bbox 272 608 331 655; x_wconf 89' lang='lat' dir='ltr'><strong>satis</strong></span> <span class='ocrx_word' id='word_1_34' title='bbox 348 606 487 669; x_wconf 87' lang='lat' dir='ltr'><strong>intelligere</strong></span> <span class='ocrx_word' id='word_1_35' title='bbox 504 607 583 670; x_wconf 85' lang='lat' dir='ltr'>possit</span> <span class='ocrx_word' id='word_1_36' title='bbox 600 615 623 654; x_wconf 90' lang='lat' dir='ltr'><strong>et</strong></span> <span class='ocrx_word' id='word_1_37' title='bbox 641 605 702 670; x_wconf 93' lang='lat' dir='ltr'><strong>quid</strong></span> <span class='ocrx_word' id='word_1_38' title='bbox 719 604 859 668; x_wconf 80' lang='lat' dir='ltr'><strong>significent</strong></span> <span class='ocrx_word' id='word_1_39' title='bbox 877 614 903 654; x_wconf 91' lang='lat' dir='ltr'><strong>et</strong></span> <span class='ocrx_word' id='word_1_40' title='bbox 921 608 957 655; x_wconf 69' lang='lat' dir='ltr'><strong>cu}</strong></span> 
     </span>
     <span class='ocr_line' id='line_1_6' title="bbox 117 670 957 735; baseline -0.001 -14"><span class='ocrx_word' id='word_1_41' title='bbox 117 673 259 721; x_wconf 83' lang='lat' dir='ltr'><strong>inserviant.</strong></span> <span class='ocrx_word' id='word_1_42' title='bbox 298 672 353 720; x_wconf 88' lang='lat' dir='ltr'><strong>Has</strong></span> <span class='ocrx_word' id='word_1_43' title='bbox 366 672 440 735; x_wconf 87' lang='lat' dir='ltr'><strong>igitur</strong></span> <span class='ocrx_word' id='word_1_44' title='bbox 452 672 555 735; x_wconf 88' lang='lat' dir='ltr'><strong>posthac</strong></span> <span class='ocrx_word' id='word_1_45' title='bbox 571 672 633 719; x_wconf 88' lang='lat' dir='ltr'><strong>sicut</strong></span> <span class='ocrx_word' id='word_1_46' title='bbox 647 680 747 719; x_wconf 83' lang='lat' dir='ltr'><strong>caeteras</strong></span> <span class='ocrx_word' id='word_1_47' title='bbox 760 670 812 718; x_wconf 86' lang='lat' dir='ltr'><strong>sore</strong></span> <span class='ocrx_word' id='word_1_48' title='bbox 828 680 957 735; x_wconf 75' lang='lat' dir='ltr'><strong>corrupta&lt;</strong></span> 
     </span>
     <span class='ocr_line' id='line_1_7' title="bbox 117 736 957 800; baseline -0.006 -15"><span class='ocrx_word' id='word_1_49' title='bbox 117 746 154 786; x_wconf 91' lang='lat' dir='ltr'><strong>est</strong></span> <span class='ocrx_word' id='word_1_50' title='bbox 171 737 362 800; x_wconf 83' lang='lat' dir='ltr'><strong>expectandum.</strong></span> <span class='ocrx_word' id='word_1_51' title='bbox 400 737 499 799; x_wconf 89' lang='lat' dir='ltr'><strong>Quibus</strong></span> <span class='ocrx_word' id='word_1_52' title='bbox 517 738 542 784; x_wconf 90' lang='lat' dir='ltr'><strong>in</strong></span> <span class='ocrx_word' id='word_1_53' title='bbox 559 738 632 785; x_wconf 92' lang='lat' dir='ltr'><strong>rebus</strong></span> <span class='ocrx_word' id='word_1_54' title='bbox 649 737 716 799; x_wconf 88' lang='lat' dir='ltr'><strong>apud</strong></span> <span class='ocrx_word' id='word_1_55' title='bbox 732 736 902 799; x_wconf 89' lang='lat' dir='ltr'><strong>nosmetipsos</strong></span> <span class='ocrx_word' id='word_1_56' title='bbox 920 754 957 800; x_wconf 62' lang='lat' dir='ltr'><strong>ag«</strong></span> 
     </span>
     <span class='ocr_line' id='line_1_8' title="bbox 117 801 956 866; baseline 0 -16"><span class='ocrx_word' id='word_1_57' title='bbox 117 818 164 851; x_wconf 91' lang='lat' dir='ltr'><strong>nec</strong></span> <span class='ocrx_word' id='word_1_58' title='bbox 181 803 243 850; x_wconf 89' lang='lat' dir='ltr'><strong>alias</strong></span> <span class='ocrx_word' id='word_1_59' title='bbox 260 802 384 865; x_wconf 84' lang='lat' dir='ltr'><strong>quaslibet</strong></span> <span class='ocrx_word' id='word_1_60' title='bbox 396 803 567 866; x_wconf 87' lang='lat' dir='ltr'>improbamus</span> <span class='ocrx_word' id='word_1_61' title='bbox 584 811 678 864; x_wconf 80' lang='lat' dir='ltr'><strong>gentes,</strong></span> <span class='ocrx_word' id='word_1_62' title='bbox 694 817 739 849; x_wconf 92' lang='lat' dir='ltr'><strong>nec</strong></span> <span class='ocrx_word' id='word_1_63' title='bbox 757 801 852 865; x_wconf 90' lang='lat' dir='ltr'><strong>aliquid</strong></span> <span class='ocrx_word' id='word_1_64' title='bbox 870 803 920 850; x_wconf 90' lang='lat' dir='ltr'><strong>nisi</strong></span> <span class='ocrx_word' id='word_1_65' title='bbox 939 819 956 850; x_wconf 86' lang='lat' dir='ltr'><strong>a</strong></span> 
     </span>
     <span class='ocr_line' id='line_1_9' title="bbox 116 867 957 931; baseline -0.002 -14"><span class='ocrx_word' id='word_1_66' title='bbox 116 876 214 917; x_wconf 90' lang='lat' dir='ltr'><strong>tantum</strong></span> <span class='ocrx_word' id='word_1_67' title='bbox 232 868 328 931; x_wconf 90' lang='lat' dir='ltr'><strong>populo</strong></span> <span class='ocrx_word' id='word_1_68' title='bbox 354 868 553 931; x_wconf 87' lang='lat' dir='ltr'><strong>praescribimus;</strong></span> <span class='ocrx_word' id='word_1_69' title='bbox 570 883 669 930; x_wconf 87' lang='lat' dir='ltr'><strong>aequum</strong></span> <span class='ocrx_word' id='word_1_70' title='bbox 694 867 760 915; x_wconf 90' lang='lat' dir='ltr'><strong>enim</strong></span> <span class='ocrx_word' id='word_1_71' title='bbox 785 882 919 915; x_wconf 83' lang='lat' dir='ltr'>censemus</span> <span class='ocrx_word' id='word_1_72' title='bbox 937 885 957 915; x_wconf 94' lang='lat' dir='ltr'><strong>u</strong></span> 
     </span>
     <span class='ocr_line' id='line_1_10' title="bbox 114 931 957 998; baseline -0.002 -16"><span class='ocrx_word' id='word_1_73' title='bbox 114 948 240 998; x_wconf 83' lang='lat' dir='ltr'><strong>quamque</strong></span> <span class='ocrx_word' id='word_1_74' title='bbox 252 941 352 995; x_wconf 78' lang='lat' dir='ltr'><strong>gentem</strong></span> <span class='ocrx_word' id='word_1_75' title='bbox 365 949 406 981; x_wconf 88' lang='lat' dir='ltr'><strong>eas</strong></span> <span class='ocrx_word' id='word_1_76' title='bbox 417 949 537 996; x_wconf 87' lang='lat' dir='ltr'><strong>usurpare</strong></span> <span class='ocrx_word' id='word_1_77' title='bbox 549 933 712 980; x_wconf 86' lang='lat' dir='ltr'><strong>Caerimonias</strong></span> <span class='ocrx_word' id='word_1_78' title='bbox 725 947 786 995; x_wconf 92' lang='lat' dir='ltr'><strong>quas</strong></span> <span class='ocrx_word' id='word_1_79' title='bbox 798 931 831 978; x_wconf 90' lang='lat' dir='ltr'><strong>ad</strong></span> <span class='ocrx_word' id='word_1_80' title='bbox 851 933 902 980; x_wconf 91' lang='lat' dir='ltr'><strong>Dei</strong></span> <span class='ocrx_word' id='word_1_81' title='bbox 914 934 957 995; x_wconf 81' lang='lat' dir='ltr'><strong>glo</strong></span> 
     </span>
     <span class='ocr_line' id='line_1_11' title="bbox 116 997 957 1063; baseline 0 -17"><span class='ocrx_word' id='word_1_82' title='bbox 116 999 311 1063; x_wconf 68' lang='lat' dir='ltr'><strong>praedicandam,</strong></span> <span class='ocrx_word' id='word_1_83' title='bbox 332 999 405 1046; x_wconf 88' lang='lat' dir='ltr'><strong>etad</strong></span> <span class='ocrx_word' id='word_1_84' title='bbox 423 999 538 1046; x_wconf 91' lang='lat' dir='ltr'><strong>homines</strong></span> <span class='ocrx_word' id='word_1_85' title='bbox 555 999 580 1045; x_wconf 91' lang='lat' dir='ltr'><strong>in</strong></span> <span class='ocrx_word' id='word_1_86' title='bbox 598 999 719 1045; x_wconf 84' lang='lat' dir='ltr'><strong>sinceram</strong></span> <span class='ocrx_word' id='word_1_87' title='bbox 738 997 866 1060; x_wconf 88' lang='lat' dir='ltr'><strong>pietatem,</strong></span> <span class='ocrx_word' id='word_1_88' title='bbox 889 1015 957 1046; x_wconf 85' lang='lat' dir='ltr'><strong>error</strong></span> 
     </span>
     <span class='ocr_line' id='line_1_12' title="bbox 116 1063 953 1128; baseline 0.001 -15"><span class='ocrx_word' id='word_1_89' title='bbox 116 1064 299 1128; x_wconf 83' lang='lat' dir='ltr'><strong>superstitionis</strong></span> <span class='ocrx_word' id='word_1_90' title='bbox 311 1073 446 1126; x_wconf 88' lang='lat' dir='ltr'><strong>expertem,</strong></span> <span class='ocrx_word' id='word_1_91' title='bbox 459 1063 620 1120; x_wconf 87' lang='lat' dir='ltr'><strong>reducendos,</strong></span> <span class='ocrx_word' id='word_1_92' title='bbox 632 1063 773 1126; x_wconf 90' lang='lat' dir='ltr'><strong>aptissimas</strong></span> <span class='ocrx_word' id='word_1_93' title='bbox 785 1065 953 1124; x_wconf 83' lang='lat' dir='ltr'><strong>reputaverit:</strong></span> 
     </span>
     <span class='ocr_line' id='line_1_13' title="bbox 116 1128 957 1192; baseline 0 -14"><span class='ocrx_word' id='word_1_94' title='bbox 116 1145 146 1178; x_wconf 87' lang='lat' dir='ltr'><strong>ea</strong></span> <span class='ocrx_word' id='word_1_95' title='bbox 163 1129 240 1176; x_wconf 91' lang='lat' dir='ltr'><strong>modo</strong></span> <span class='ocrx_word' id='word_1_96' title='bbox 257 1129 367 1192; x_wconf 85' lang='lat' dir='ltr'><strong>deponat</strong></span> <span class='ocrx_word' id='word_1_97' title='bbox 384 1145 440 1192; x_wconf 65' lang='lat' dir='ltr'><strong>quae</strong></span> <span class='ocrx_word' id='word_1_98' title='bbox 462 1130 571 1177; x_wconf 83' lang='lat' dir='ltr'><strong>maxime</strong></span> <span class='ocrx_word' id='word_1_99' title='bbox 587 1138 703 1192; x_wconf 90' lang='lat' dir='ltr'><strong>corrupta</strong></span> <span class='ocrx_word' id='word_1_100' title='bbox 727 1144 779 1176; x_wconf 91' lang='lat' dir='ltr'><strong>esse</strong></span> <span class='ocrx_word' id='word_1_101' title='bbox 797 1128 833 1186; x_wconf 77' lang='lat' dir='ltr'><strong>lid</strong></span> <span class='ocrx_word' id='word_1_102' title='bbox 851 1131 925 1191; x_wconf 89' lang='lat' dir='ltr'><strong>quod</strong></span> <span class='ocrx_word' id='word_1_103' title='bbox 952 1147 957 1178; x_wconf 79' lang='lat' dir='ltr'><strong>t</strong></span> 
     </span>
     <span class='ocr_line' id='line_1_14' title="bbox 114 1193 957 1257; baseline -0.004 -14"><span class='ocrx_word' id='word_1_104' title='bbox 114 1195 225 1243; x_wconf 89' lang='lat' dir='ltr'><strong>humano</strong></span> <span class='ocrx_word' id='word_1_105' title='bbox 237 1194 342 1242; x_wconf 85' lang='lat' dir='ltr'><strong>consilio</strong></span> <span class='ocrx_word' id='word_1_106' title='bbox 354 1195 474 1243; x_wconf 83' lang='lat' dir='ltr'><strong>institutis</strong></span> <span class='ocrx_word' id='word_1_107' title='bbox 491 1195 588 1243; x_wconf 90' lang='lat' dir='ltr'><strong>diverse</strong></span> <span class='ocrx_word' id='word_1_108' title='bbox 599 1195 625 1242; x_wconf 92' lang='lat' dir='ltr'><strong>in</strong></span> <span class='ocrx_word' id='word_1_109' title='bbox 638 1194 781 1257; x_wconf 84' lang='lat' dir='ltr'><strong>regionibus</strong></span> <span class='ocrx_word' id='word_1_110' title='bbox 794 1193 902 1243; x_wconf 81' lang='lat' dir='ltr'><strong>diversis</strong></span> <span class='ocrx_word' id='word_1_111' title='bbox 920 1212 957 1244; x_wconf 62' lang='lat' dir='ltr'><strong>aci</strong></span> 
     </span>
     <span class='ocr_line' id='line_1_15' title="bbox 115 1260 379 1309; baseline 0 -1"><span class='ocrx_word' id='word_1_112' title='bbox 115 1260 256 1309; x_wconf 89' lang='lat' dir='ltr'><strong>identidem</strong></span> <span class='ocrx_word' id='word_1_113' title='bbox 268 1260 379 1308; x_wconf 86' lang='lat' dir='ltr'><strong>senserit.</strong></span> 
     </span>
    </p>
   </div>
   <div class='ocr_carea' id='block_1_3' title="bbox 305 1494 814 1578">
    <p class='ocr_par' dir='ltr' id='par_1_3' title="bbox 305 1494 814 1578">
     <span class='ocr_line' id='line_1_16' title="bbox 305 1494 814 1578; baseline 0.014 -24"><span class='ocrx_word' id='word_1_114' title='bbox 305 1495 330 1554; x_wconf 77' lang='lat' dir='ltr'><strong>a</strong></span> <span class='ocrx_word' id='word_1_115' title='bbox 354 1495 438 1562; x_wconf 65' lang='lat' dir='ltr'><strong>litio</strong></span> <span class='ocrx_word' id='word_1_116' title='bbox 459 1494 593 1575; x_wconf 55' lang='lat' dir='ltr'><strong>{cacabi</strong></span> <span class='ocrx_word' id='word_1_117' title='bbox 613 1496 814 1578; x_wconf 64' lang='lat' dir='ltr'><strong>Bsaltttium.</strong></span> 
     </span>
    </p>
   </div>
   <div class='ocr_carea' id='block_1_4' title="bbox 114 1653 957 1837">
    <p class='ocr_par' dir='ltr' id='par_1_4' title="bbox 114 1653 957 1837">
     <span class='ocr_line' id='line_1_17' title="bbox 116 1653 957 1837; baseline -0.002 -129"><span class='ocrx_word' id='word_1_118' title='bbox 116 1659 288 1837; x_wconf 45' lang='lat' dir='ltr'>&#39;l&#39;gOTUM</span> <span class='ocrx_word' id='word_1_119' title='bbox 303 1658 449 1708; x_wconf 86' lang='lat' dir='ltr'><strong>Psalterium</strong></span> <span class='ocrx_word' id='word_1_120' title='bbox 462 1653 604 1720; x_wconf 77' lang='lat' dir='ltr'><strong>perlegatur</strong></span> <span class='ocrx_word' id='word_1_121' title='bbox 621 1655 723 1719; x_wconf 77' lang='lat' dir='ltr'><strong>singulis</strong></span> <span class='ocrx_word' id='word_1_122' title='bbox 740 1655 875 1714; x_wconf 86' lang='lat' dir='ltr'><strong>mensibus,</strong></span> <span class='ocrx_word' id='word_1_123' title='bbox 891 1657 957 1706; x_wconf 67' lang='lat' dir='ltr'><strong>ada</strong></span> 
     </span>
     <span class='ocr_line' id='line_1_18' title="bbox 114 1789 151 1837; baseline 0 0"><span class='ocrx_word' id='word_1_124' title='bbox 114 1789 151 1837; x_wconf 84' lang='lat' dir='ltr'><strong>Fe</strong></span> 
     </span>
    </p>
   </div>
   <div class='ocr_carea' id='block_1_5' title="bbox 114 1721 957 2441">
    <p class='ocr_par' dir='ltr' id='par_1_5' title="bbox 115 1721 957 1919">
     <span class='ocr_line' id='line_1_19' title="bbox 215 1721 957 1785; baseline -0.001 -13"><span class='ocrx_word' id='word_1_125' title='bbox 215 1726 279 1773; x_wconf 87' lang='lat' dir='ltr'><strong>tinas</strong></span> <span class='ocrx_word' id='word_1_126' title='bbox 291 1734 315 1774; x_wconf 92' lang='lat' dir='ltr'><strong>et</strong></span> <span class='ocrx_word' id='word_1_127' title='bbox 333 1725 365 1772; x_wconf 91' lang='lat' dir='ltr'><strong>ad</strong></span> <span class='ocrx_word' id='word_1_128' title='bbox 378 1723 510 1785; x_wconf 87' lang='lat' dir='ltr'><strong>Vesperas‚</strong></span> <span class='ocrx_word' id='word_1_129' title='bbox 527 1723 590 1770; x_wconf 88' lang='lat' dir='ltr'><strong>utin</strong></span> <span class='ocrx_word' id='word_1_130' title='bbox 609 1722 729 1769; x_wconf 86' lang='lat' dir='ltr'><strong>l&#39;salterio</strong></span> <span class='ocrx_word' id='word_1_131' title='bbox 741 1729 847 1768; x_wconf 88' lang='lat' dir='ltr'><strong>notatur.</strong></span> <span class='ocrx_word' id='word_1_132' title='bbox 887 1721 920 1770; x_wconf 91' lang='lat' dir='ltr'><strong>ln</strong></span> <span class='ocrx_word' id='word_1_133' title='bbox 940 1741 957 1771; x_wconf 91' lang='lat' dir='ltr'><strong>n</strong></span> 
     </span>
     <span class='ocr_line' id='line_1_20' title="bbox 171 1787 957 1839; baseline -0.001 -2"><span class='ocrx_word' id='word_1_134' title='bbox 171 1791 243 1838; x_wconf 84' lang='lat' dir='ltr'><strong>ruarii</strong></span> <span class='ocrx_word' id='word_1_135' title='bbox 256 1801 339 1839; x_wconf 86' lang='lat' dir='ltr'><strong>autem</strong></span> <span class='ocrx_word' id='word_1_136' title='bbox 351 1788 450 1837; x_wconf 89' lang='lat' dir='ltr'><strong>nonnisi</strong></span> <span class='ocrx_word' id='word_1_137' title='bbox 463 1787 494 1834; x_wconf 88' lang='lat' dir='ltr'><strong>ad</strong></span> <span class='ocrx_word' id='word_1_138' title='bbox 506 1787 573 1835; x_wconf 87' lang='lat' dir='ltr'><strong>diem</strong></span> <span class='ocrx_word' id='word_1_139' title='bbox 587 1787 732 1835; x_wconf 84' lang='lat' dir='ltr'><strong>vicesimum</strong></span> <span class='ocrx_word' id='word_1_140' title='bbox 749 1795 866 1834; x_wconf 82' lang='lat' dir='ltr'><strong>octavum</strong></span> <span class='ocrx_word' id='word_1_141' title='bbox 879 1789 922 1835; x_wconf 85' lang='lat' dir='ltr'><strong>vel</strong></span> <span class='ocrx_word' id='word_1_142' title='bbox 936 1792 957 1836; x_wconf 76' lang='lat' dir='ltr'><strong>vi</strong></span> 
     </span>
     <span class='ocr_line' id='line_1_21' title="bbox 115 1856 408 1919; baseline -0.003 -17"><span class='ocrx_word' id='word_1_143' title='bbox 115 1871 184 1903; x_wconf 92' lang='lat' dir='ltr'><strong>mum</strong></span> <span class='ocrx_word' id='word_1_144' title='bbox 197 1872 291 1904; x_wconf 88' lang='lat' dir='ltr'><strong>nonum</strong></span> <span class='ocrx_word' id='word_1_145' title='bbox 304 1856 408 1919; x_wconf 81' lang='lat' dir='ltr'><strong>legatur.</strong></span> 
     </span>
    </p>

    <p class='ocr_par' dir='ltr' id='par_1_6' title="bbox 114 1917 957 2244">
     <span class='ocr_line' id='line_1_22' title="bbox 148 1917 957 1983; baseline -0.002 -14"><span class='ocrx_word' id='word_1_146' title='bbox 148 1921 181 1968; x_wconf 88' lang='lat' dir='ltr'><strong>Et</strong></span> <span class='ocrx_word' id='word_1_147' title='bbox 205 1936 261 1968; x_wconf 93' lang='lat' dir='ltr'><strong>cum</strong></span> <span class='ocrx_word' id='word_1_148' title='bbox 288 1921 414 1969; x_wconf 87' lang='lat' dir='ltr'><strong>mensibus</strong></span> <span class='ocrx_word' id='word_1_149' title='bbox 437 1918 558 1982; x_wconf 84' lang='lat' dir='ltr'><strong>Januarii,</strong></span> <span class='ocrx_word' id='word_1_150' title='bbox 587 1917 680 1975; x_wconf 82' lang='lat' dir='ltr'><strong>Martii,</strong></span> <span class='ocrx_word' id='word_1_151' title='bbox 711 1917 781 1974; x_wconf 82' lang='lat' dir='ltr'><strong>Maii,</strong></span> <span class='ocrx_word' id='word_1_152' title='bbox 802 1917 871 1980; x_wconf 88' lang='lat' dir='ltr'><strong>Julii,</strong></span> <span class='ocrx_word' id='word_1_153' title='bbox 901 1921 957 1983; x_wconf 63' lang='lat' dir='ltr'><strong>Aug</strong></span> 
     </span>
     <span class='ocr_line' id='line_1_23' title="bbox 114 1983 957 2043; baseline -0.008 -9"><span class='ocrx_word' id='word_1_154' title='bbox 114 1985 241 2043; x_wconf 83' lang='lat' dir='ltr'><strong>Octobris,</strong></span> <span class='ocrx_word' id='word_1_155' title='bbox 261 1994 285 2034; x_wconf 90' lang='lat' dir='ltr'><strong>et</strong></span> <span class='ocrx_word' id='word_1_156' title='bbox 305 1985 453 2034; x_wconf 80' lang='lat' dir='ltr'><strong>Decembris</strong></span> <span class='ocrx_word' id='word_1_157' title='bbox 470 1984 524 2030; x_wconf 82' lang='lat' dir='ltr'><strong>(lies</strong></span> <span class='ocrx_word' id='word_1_158' title='bbox 541 1986 589 2030; x_wconf 89' lang='lat' dir='ltr'><strong>sint</strong></span> <span class='ocrx_word' id='word_1_159' title='bbox 603 1999 665 2030; x_wconf 86' lang='lat' dir='ltr'><strong>unus</strong></span> <span class='ocrx_word' id='word_1_160' title='bbox 678 1989 703 2030; x_wconf 87' lang='lat' dir='ltr'><strong>et</strong></span> <span class='ocrx_word' id='word_1_161' title='bbox 720 1983 807 2030; x_wconf 84' lang='lat' dir='ltr'><strong>triceni</strong></span> <span class='ocrx_word' id='word_1_162' title='bbox 821 1999 827 2040; x_wconf 89' lang='lat'>;</span> <span class='ocrx_word' id='word_1_163' title='bbox 846 1983 957 2033; x_wconf 77' lang='lat' dir='ltr'><strong>Constiu</strong></span> 
     </span>
     <span class='ocr_line' id='line_1_24' title="bbox 115 2048 957 2114; baseline -0.001 -15"><span class='ocrx_word' id='word_1_164' title='bbox 115 2061 160 2110; x_wconf 88' lang='lat' dir='ltr'><strong>est,</strong></span> <span class='ocrx_word' id='word_1_165' title='bbox 175 2060 201 2098; x_wconf 87' lang='lat' dir='ltr'><strong>ut</strong></span> <span class='ocrx_word' id='word_1_166' title='bbox 214 2052 289 2099; x_wconf 87' lang='lat' dir='ltr'><strong>iidem</strong></span> <span class='ocrx_word' id='word_1_167' title='bbox 302 2051 417 2114; x_wconf 77' lang='lat' dir='ltr'><strong>legantur</strong></span> <span class='ocrx_word' id='word_1_168' title='bbox 431 2049 523 2096; x_wconf 88' lang='lat' dir='ltr'><strong>Psalmi</strong></span> <span class='ocrx_word' id='word_1_169' title='bbox 536 2049 560 2095; x_wconf 88' lang='lat' dir='ltr'><strong>in</strong></span> <span class='ocrx_word' id='word_1_170' title='bbox 573 2049 662 2096; x_wconf 81' lang='lat' dir='ltr'><strong>ultimo</strong></span> <span class='ocrx_word' id='word_1_171' title='bbox 675 2049 716 2095; x_wconf 88' lang='lat' dir='ltr'><strong>die</strong></span> <span class='ocrx_word' id='word_1_172' title='bbox 728 2048 815 2095; x_wconf 86' lang='lat' dir='ltr'><strong>barum</strong></span> <span class='ocrx_word' id='word_1_173' title='bbox 834 2051 957 2098; x_wconf 76' lang='lat' dir='ltr'><strong>mensium</strong></span> 
     </span>
     <span class='ocr_line' id='line_1_25' title="bbox 115 2114 957 2180; baseline -0.001 -16"><span class='ocrx_word' id='word_1_174' title='bbox 115 2117 142 2164; x_wconf 92' lang='lat' dir='ltr'><strong>in</strong></span> <span class='ocrx_word' id='word_1_175' title='bbox 167 2117 208 2164; x_wconf 86' lang='lat' dir='ltr'><strong>‹lie</strong></span> <span class='ocrx_word' id='word_1_176' title='bbox 232 2117 344 2180; x_wconf 84' lang='lat' dir='ltr'><strong>proxime</strong></span> <span class='ocrx_word' id='word_1_177' title='bbox 371 2114 526 2179; x_wconf 79' lang='lat' dir='ltr'><strong>praecedente</strong></span> <span class='ocrx_word' id='word_1_178' title='bbox 551 2114 713 2176; x_wconf 77' lang='lat' dir='ltr'><strong>legebantur3</strong></span> <span class='ocrx_word' id='word_1_179' title='bbox 730 2121 758 2160; x_wconf 92' lang='lat' dir='ltr'><strong>ut</strong></span> <span class='ocrx_word' id='word_1_180' title='bbox 775 2114 864 2160; x_wconf 81' lang='lat' dir='ltr'><strong>iterum</strong></span> <span class='ocrx_word' id='word_1_181' title='bbox 888 2115 957 2180; x_wconf 80' lang='lat' dir='ltr'><strong>incip</strong></span> 
     </span>
     <span class='ocr_line' id='line_1_26' title="bbox 116 2179 697 2244; baseline -0.009 -14"><span class='ocrx_word' id='word_1_182' title='bbox 116 2182 264 2230; x_wconf 88' lang='lat' dir='ltr'><strong>Psalterium</strong></span> <span class='ocrx_word' id='word_1_183' title='bbox 277 2183 301 2230; x_wconf 93' lang='lat' dir='ltr'><strong>in</strong></span> <span class='ocrx_word' id='word_1_184' title='bbox 314 2182 356 2230; x_wconf 90' lang='lat' dir='ltr'><strong>die</strong></span> <span class='ocrx_word' id='word_1_185' title='bbox 368 2181 449 2244; x_wconf 89' lang='lat' dir='ltr'><strong>primo</strong></span> <span class='ocrx_word' id='word_1_186' title='bbox 462 2180 553 2227; x_wconf 88' lang='lat' dir='ltr'><strong>mensis</strong></span> <span class='ocrx_word' id='word_1_187' title='bbox 565 2179 697 2242; x_wconf 85' lang='lat' dir='ltr'><strong>sequentis.</strong></span> 
     </span>
    </p>

    <p class='ocr_par' dir='ltr' id='par_1_7' title="bbox 114 2243 955 2441">
     <span class='ocr_line' id='line_1_27' title="bbox 149 2243 948 2309; baseline -0.006 -14"><span class='ocrx_word' id='word_1_188' title='bbox 149 2248 216 2309; x_wconf 88' lang='lat' dir='ltr'><strong>Quia</strong></span> <span class='ocrx_word' id='word_1_189' title='bbox 228 2264 288 2296; x_wconf 90' lang='lat' dir='ltr'><strong>vero</strong></span> <span class='ocrx_word' id='word_1_190' title='bbox 302 2247 414 2294; x_wconf 84' lang='lat' dir='ltr'><strong>Psalmus</strong></span> <span class='ocrx_word' id='word_1_191' title='bbox 432 2245 495 2292; x_wconf 80' lang='lat' dir='ltr'><strong>cxix.</strong></span> <span class='ocrx_word' id='word_1_192' title='bbox 512 2245 536 2291; x_wconf 88' lang='lat' dir='ltr'><strong>in</strong></span> <span class='ocrx_word' id='word_1_193' title='bbox 550 2245 607 2292; x_wconf 81' lang='lat' dir='ltr'><strong>xxii.</strong></span> <span class='ocrx_word' id='word_1_194' title='bbox 624 2243 740 2307; x_wconf 86' lang='lat' dir='ltr'><strong>periodos</strong></span> <span class='ocrx_word' id='word_1_195' title='bbox 752 2251 788 2290; x_wconf 88' lang='lat' dir='ltr'><strong>est</strong></span> <span class='ocrx_word' id='word_1_196' title='bbox 801 2243 904 2302; x_wconf 82' lang='lat' dir='ltr'><strong>divisus,</strong></span> <span class='ocrx_word' id='word_1_197' title='bbox 922 2256 948 2295; x_wconf 79' lang='lat' dir='ltr'><strong>et</strong></span> 
     </span>
     <span class='ocr_line' id='line_1_28' title="bbox 114 2310 955 2376; baseline -0.002 -17"><span class='ocrx_word' id='word_1_198' title='bbox 114 2312 187 2360; x_wconf 86' lang='lat' dir='ltr'><strong>lixior</strong></span> <span class='ocrx_word' id='word_1_199' title='bbox 207 2321 243 2361; x_wconf 87' lang='lat' dir='ltr'><strong>cst</strong></span> <span class='ocrx_word' id='word_1_200' title='bbox 266 2328 342 2376; x_wconf 88' lang='lat' dir='ltr'><strong>quam</strong></span> <span class='ocrx_word' id='word_1_201' title='bbox 354 2320 381 2359; x_wconf 93' lang='lat' dir='ltr'><strong>ut</strong></span> <span class='ocrx_word' id='word_1_202' title='bbox 399 2326 449 2358; x_wconf 87' lang='lat' dir='ltr'><strong>uno</strong></span> <span class='ocrx_word' id='word_1_203' title='bbox 467 2319 579 2373; x_wconf 86' lang='lat' dir='ltr'><strong>tempore</strong></span> <span class='ocrx_word' id='word_1_204' title='bbox 602 2310 715 2371; x_wconf 57' lang='lat' dir='ltr'><strong>legatum</strong></span> <span class='ocrx_word' id='word_1_205' title='bbox 734 2310 905 2357; x_wconf 78' lang='lat' dir='ltr'><strong>Constiturum</strong></span> <span class='ocrx_word' id='word_1_206' title='bbox 927 2330 955 2361; x_wconf 78' lang='lat' dir='ltr'><strong>es</strong></span> 
     </span>
     <span class='ocr_line' id='line_1_29' title="bbox 115 2374 876 2441; baseline -0.005 -15"><span class='ocrx_word' id='word_1_207' title='bbox 115 2393 165 2426; x_wconf 89' lang='lat' dir='ltr'><strong>una</strong></span> <span class='ocrx_word' id='word_1_208' title='bbox 177 2379 231 2426; x_wconf 89' lang='lat' dir='ltr'><strong>vice</strong></span> <span class='ocrx_word' id='word_1_209' title='bbox 243 2387 350 2441; x_wconf 89' lang='lat' dir='ltr'><strong>quatuor</strong></span> <span class='ocrx_word' id='word_1_210' title='bbox 361 2384 404 2424; x_wconf 91' lang='lat' dir='ltr'><strong>aut</strong></span> <span class='ocrx_word' id='word_1_211' title='bbox 416 2377 526 2439; x_wconf 87' lang='lat' dir='ltr'><strong>quinque</strong></span> <span class='ocrx_word' id='word_1_212' title='bbox 539 2376 634 2438; x_wconf 88' lang='lat' dir='ltr'><strong>periodi</strong></span> <span class='ocrx_word' id='word_1_213' title='bbox 647 2383 743 2421; x_wconf 89' lang='lat' dir='ltr'><strong>tantum</strong></span> <span class='ocrx_word' id='word_1_214' title='bbox 756 2374 876 2436; x_wconf 79' lang='lat' dir='ltr'><strong>legantur.</strong></span> 
     </span>
    </p>
   </div>
   <div class='ocr_carea' id='block_1_6' title="bbox 116 2464 957 2778">
    <p class='ocr_par' dir='ltr' id='par_1_8' title="bbox 116 2464 947 2597">
     <span class='ocr_line' id='line_1_30' title="bbox 150 2464 947 2529; baseline 0 -13"><span class='ocrx_word' id='word_1_215' title='bbox 150 2469 182 2516; x_wconf 88' lang='lat' dir='ltr'><strong>Et</strong></span> <span class='ocrx_word' id='word_1_216' title='bbox 195 2468 220 2517; x_wconf 87' lang='lat' dir='ltr'><strong>in</strong></span> <span class='ocrx_word' id='word_1_217' title='bbox 233 2467 282 2516; x_wconf 82' lang='lat' dir='ltr'><strong>fine</strong></span> <span class='ocrx_word' id='word_1_218' title='bbox 293 2466 485 2529; x_wconf 86' lang='lat' dir='ltr'><strong>uniuscujusque</strong></span> <span class='ocrx_word' id='word_1_219' title='bbox 499 2465 600 2523; x_wconf 82' lang='lat' dir='ltr'><strong>Psalmi,</strong></span> <span class='ocrx_word' id='word_1_220' title='bbox 613 2465 651 2513; x_wconf 85' lang='lat' dir='ltr'><strong>vel</strong></span> <span class='ocrx_word' id='word_1_221' title='bbox 665 2464 761 2528; x_wconf 85' lang='lat' dir='ltr'><strong>periodi</strong></span> <span class='ocrx_word' id='word_1_222' title='bbox 775 2464 867 2512; x_wconf 86' lang='lat' dir='ltr'><strong>Psalmi</strong></span> <span class='ocrx_word' id='word_1_223' title='bbox 880 2467 947 2517; x_wconf 82' lang='lat' dir='ltr'><strong>cxix.</strong></span> 
     </span>
     <span class='ocr_line' id='line_1_31' title="bbox 116 2533 483 2597; baseline -0.011 -15"><span class='ocrx_word' id='word_1_224' title='bbox 116 2541 183 2582; x_wconf 88' lang='lat' dir='ltr'><strong>tetur</strong></span> <span class='ocrx_word' id='word_1_225' title='bbox 195 2550 292 2597; x_wconf 85' lang='lat' dir='ltr'><strong>semper</strong></span> <span class='ocrx_word' id='word_1_226' title='bbox 304 2534 344 2581; x_wconf 85' lang='lat' dir='ltr'><strong>hic</strong></span> <span class='ocrx_word' id='word_1_227' title='bbox 359 2533 382 2580; x_wconf 93' lang='lat' dir='ltr'><strong>ll</strong></span> <span class='ocrx_word' id='word_1_228' title='bbox 387 2547 483 2595; x_wconf 81' lang='lat' dir='ltr'><strong>ymnus,</strong></span> 
     </span>
    </p>

    <p class='ocr_par' dir='ltr' id='par_1_9' title="bbox 151 2597 740 2659">
     <span class='ocr_line' id='line_1_32' title="bbox 151 2597 740 2659; baseline -0.007 -13"><span class='ocrx_word' id='word_1_229' title='bbox 151 2600 236 2646; x_wconf 76' lang='lat' dir='ltr'><strong>Gloria</strong></span> <span class='ocrx_word' id='word_1_230' title='bbox 249 2600 329 2657; x_wconf 73' lang='lat' dir='ltr'><strong>llilri,</strong></span> <span class='ocrx_word' id='word_1_231' title='bbox 343 2605 366 2646; x_wconf 82' lang='lat' dir='ltr'><strong>et</strong></span> <span class='ocrx_word' id='word_1_232' title='bbox 376 2597 440 2645; x_wconf 67' lang='lat' dir='ltr'><strong>Fz&#39;lb</strong></span> <span class='ocrx_word' id='word_1_233' title='bbox 451 2616 459 2645; x_wconf 92' lang='lat'><strong>.·</strong></span> <span class='ocrx_word' id='word_1_234' title='bbox 476 2602 498 2644; x_wconf 76' lang='lat' dir='ltr'><strong>ct</strong></span> <span class='ocrx_word' id='word_1_235' title='bbox 509 2597 617 2659; x_wconf 75' lang='lat' dir='ltr'><strong>Spiritui</strong></span> <span class='ocrx_word' id='word_1_236' title='bbox 628 2598 719 2644; x_wconf 65' lang='lat' dir='ltr'><strong>Sum</strong></span> <span class='ocrx_word' id='word_1_237' title='bbox 730 2613 740 2650; x_wconf 77' lang='lat'><strong>,¹</strong></span> 
     </span>
    </p>

    <p class='ocr_par' dir='ltr' id='par_1_10' title="bbox 116 2661 957 2778">
     <span class='ocr_line' id='line_1_33' title="bbox 150 2661 957 2726; baseline 0.004 -16"><span class='ocrx_word' id='word_1_238' title='bbox 150 2665 220 2711; x_wconf 75' lang='lat' dir='ltr'><strong>Sicut</strong></span> <span class='ocrx_word' id='word_1_239' title='bbox 233 2665 325 2712; x_wconf 79' lang='lat' dir='ltr'><strong>eratin</strong></span> <span class='ocrx_word' id='word_1_240' title='bbox 335 2663 468 2726; x_wconf 78' lang='lat' dir='ltr'><strong>principio,</strong></span> <span class='ocrx_word' id='word_1_241' title='bbox 483 2669 504 2709; x_wconf 83' lang='lat' dir='ltr'><strong>rt</strong></span> <span class='ocrx_word' id='word_1_242' title='bbox 519 2679 595 2720; x_wconf 77' lang='lat' dir='ltr'><strong>num,</strong></span> <span class='ocrx_word' id='word_1_243' title='bbox 609 2669 631 2709; x_wconf 80' lang='lat' dir='ltr'><strong>ct</strong></span> <span class='ocrx_word' id='word_1_244' title='bbox 644 2671 736 2725; x_wconf 68' lang='lat' dir='ltr'><strong>scalper</strong></span> <span class='ocrx_word' id='word_1_245' title='bbox 745 2681 753 2710; x_wconf 94' lang='lat'><em>:</em></span> <span class='ocrx_word' id='word_1_246' title='bbox 764 2668 786 2708; x_wconf 75' lang='lat' dir='ltr'><strong>ct</strong></span> <span class='ocrx_word' id='word_1_247' title='bbox 800 2661 828 2707; x_wconf 81' lang='lat' dir='ltr'><strong>in</strong></span> <span class='ocrx_word' id='word_1_248' title='bbox 844 2664 934 2711; x_wconf 63' lang='lat' dir='ltr'><strong>sucula</strong></span> <span class='ocrx_word' id='word_1_249' title='bbox 952 2704 957 2713; x_wconf 92' lang='lat'>.</span> 
     </span>
     <span class='ocr_line' id='line_1_34' title="bbox 116 2729 334 2778; baseline 0 -1"><span class='ocrx_word' id='word_1_250' title='bbox 116 2729 206 2777; x_wconf 74' lang='lat' dir='ltr'><strong>lerunt.</strong></span> <span class='ocrx_word' id='word_1_251' title='bbox 245 2732 334 2778; x_wconf 74' lang='lat' dir='ltr'><strong>Amen.</strong></span> 
     </span>
    </p>
   </div>
   <div class='ocr_carea' id='block_1_7' title="bbox 115 2828 957 3027">
    <p class='ocr_par' dir='ltr' id='par_1_11' title="bbox 115 2828 957 3027">
     <span class='ocr_line' id='line_1_35' title="bbox 151 2828 957 2895; baseline 0 -16"><span class='ocrx_word' id='word_1_252' title='bbox 151 2832 227 2888; x_wconf 86' lang='lat' dir='ltr'><strong>Nota,</strong></span> <span class='ocrx_word' id='word_1_253' title='bbox 248 2831 315 2895; x_wconf 86' lang='lat' dir='ltr'><strong>quod</strong></span> <span class='ocrx_word' id='word_1_254' title='bbox 335 2829 448 2878; x_wconf 85' lang='lat' dir='ltr'><strong>Psalterii</strong></span> <span class='ocrx_word' id='word_1_255' title='bbox 466 2829 556 2877; x_wconf 88' lang='lat' dir='ltr'><strong>Versio</strong></span> <span class='ocrx_word' id='word_1_256' title='bbox 573 2828 704 2892; x_wconf 70' lang='lat' dir='ltr'><strong>[Anglica]</strong></span> <span class='ocrx_word' id='word_1_257' title='bbox 729 2829 866 2877; x_wconf 85' lang='lat' dir='ltr'><strong>secundum</strong></span> <span class='ocrx_word' id='word_1_258' title='bbox 895 2832 957 2881; x_wconf 80' lang='lat' dir='ltr'><strong>lleh</strong></span> 
     </span>
     <span class='ocr_line' id='line_1_36' title="bbox 115 2895 955 2961; baseline 0 -16"><span class='ocrx_word' id='word_1_259' title='bbox 115 2898 204 2954; x_wconf 85' lang='lat' dir='ltr'><strong>divisa,</strong></span> <span class='ocrx_word' id='word_1_260' title='bbox 216 2912 245 2945; x_wconf 83' lang='lat' dir='ltr'><strong>ea</strong></span> <span class='ocrx_word' id='word_1_261' title='bbox 258 2907 294 2945; x_wconf 87' lang='lat' dir='ltr'><strong>est</strong></span> <span class='ocrx_word' id='word_1_262' title='bbox 306 2911 380 2959; x_wconf 88' lang='lat' dir='ltr'><strong>quam</strong></span> <span class='ocrx_word' id='word_1_263' title='bbox 394 2895 469 2943; x_wconf 84' lang='lat' dir='ltr'><strong>habet</strong></span> <span class='ocrx_word' id='word_1_264' title='bbox 482 2911 572 2956; x_wconf 77' lang='lat' dir='ltr'><strong>magna</strong></span> <span class='ocrx_word' id='word_1_265' title='bbox 585 2895 628 2942; x_wconf 82' lang='lat' dir='ltr'><strong>illa</strong></span> <span class='ocrx_word' id='word_1_266' title='bbox 642 2896 722 2942; x_wconf 78' lang='lat' dir='ltr'><strong>lliblia</strong></span> <span class='ocrx_word' id='word_1_267' title='bbox 736 2896 851 2955; x_wconf 76' lang='lat' dir='ltr'><strong>Anglica,</strong></span> <span class='ocrx_word' id='word_1_268' title='bbox 864 2905 955 2961; x_wconf 79' lang='lat' dir='ltr'><strong>tempo</strong></span> 
     </span>
     <span class='ocr_line' id='line_1_37' title="bbox 118 2960 957 3027; baseline 0 -14"><span class='ocrx_word' id='word_1_269' title='bbox 118 2962 223 3013; x_wconf 80' lang='lat' dir='ltr'><strong>lienrici</strong></span> <span class='ocrx_word' id='word_1_270' title='bbox 238 2963 313 3026; x_wconf 80' lang='lat' dir='ltr'><strong>Regis</strong></span> <span class='ocrx_word' id='word_1_271' title='bbox 326 2962 416 3010; x_wconf 89' lang='lat' dir='ltr'><strong>Octavi</strong></span> <span class='ocrx_word' id='word_1_272' title='bbox 429 2969 454 3010; x_wconf 88' lang='lat' dir='ltr'><strong>et</strong></span> <span class='ocrx_word' id='word_1_273' title='bbox 467 2960 577 3008; x_wconf 84' lang='lat' dir='ltr'><strong>Edvardi</strong></span> <span class='ocrx_word' id='word_1_274' title='bbox 591 2961 659 3009; x_wconf 81' lang='lat' dir='ltr'><strong>Sexti</strong></span> <span class='ocrx_word' id='word_1_275' title='bbox 673 2961 740 3010; x_wconf 83' lang='lat' dir='ltr'><strong>edita</strong></span> <span class='ocrx_word' id='word_1_276' title='bbox 751 2969 827 3023; x_wconf 88' lang='lat' dir='ltr'><strong>atque</strong></span> <span class='ocrx_word' id='word_1_277' title='bbox 839 2975 957 3027; x_wconf 84' lang='lat' dir='ltr'><strong>usurpata</strong></span> 
     </span>
    </p>
   </div>
   <div class='ocr_carea' id='block_1_8' title="bbox 0 0 1055 3524">
    <p class='ocr_par' dir='ltr' id='par_1_12' title="bbox 0 0 1055 3524">
     <span class='ocr_line' id='line_1_38' title="bbox 0 0 1055 3524; baseline 0 0"><span class='ocrx_word' id='word_1_278' title='bbox 0 0 1055 3524; x_wconf 95' lang='lat' dir='ltr'><strong> </strong></span> 
     </span>
    </p>
   </div>
  </div>
 </body>
</html>
