2100 3524
474 234 660 303 bundenum

147 383 224 448 Resp.
238 389 358 448 Primum,
368 389 547 439 discocredere
580 404 658 454 opera
673 396 734 438 tua:
750 387 850 453 septimo
861 392 899 433 aun

112 455 139 503 in
157 455 241 504 Deum
260 456 368 515 Patrem,
393 454 436 519 qui
458 470 500 503 me
522 462 547 504 et
580 454 722 505 Sabbatum
751 452 849 503 Domini
872 450 899 498 De

112 529 194 570 totum
205 520 333 569 mundum·
338 521 437 569 creavit.
580 519 641 568 Non
651 519 728 569 facies
736 516 897 594 omneopusin

147 586 271 644 Secundo,
294 586 320 635 in
339 586 422 634 Deum
443 584 542 644 Filium,
579 593 604 633 et
616 584 899 643 filimtuusetfilntu.

113 651 156 716 qui
173 667 214 699 me
231 659 256 699 et
272 658 353 699 totum
369 650 448 714 genus
458 651 545 698 huma·
579 657 644 709 tuus,
659 658 685 699 et
701 648 795 699 ancilla
809 646 899 723 maja!

112 731 174 764 num
186 716 297 765 redemit.
579 723 658 774 tuum,
679 722 704 764 et
721 715 818 764 advena
831 728 868 778 qm
880 726 899 759 es

146 781 240 840 Tertio,
268 781 294 828 in
318 781 401 829 Deum
425 780 546 844 Spiritum
578 788 663 845 portas
681 788 745 829 tuas
782 780 830 829 Sex
842 776 896 827 enim

114 847 243 905 Sanctum,
275 847 300 894 ni
315 862 357 895 me
368 854 393 894 et
405 853 485 894 totum
497 845 547 894 Dei
578 844 637 895 fecit
656 846 784 894 Dominus
801 844 899 914 mium..

113 927 148 976 po
167 911 236 960 ulum
248 863 354 960 eiectum
365 910 510 960 sanctificat.
579 927 640 970 ram,
664 918 691 960 et
712 926 790 969 mare,
808 918 831 959 et
847 920 899 957 oum

147 928 197 1032 Du.
230 976 321 1025 Dixisti
349 976 418 1040 quod
448 992 494 1040 pro
522 983 547 1024 te
579 976 606 1024 in
627 975 664 1024 eis
686 984 760 1025 sunt:
782 984 807 1025 et
827 972 899 1037 requi&

114 1041 209 1090 Patrini
237 1049 262 1090 et
291 1041 407 1090 Matrinae
438 1056 547 1105 spopon·
578 1041 695 1117 septimo.
720 1035 898 1091 Idcircobmedi

113 1107 211 1166 derunt,
237 1113 262 1155 te
282 1107 331 1155 Dei
353 1107 473 1155 mandata
494 1122 548 1155 esse
579 1122 662 1155 minus
673 1106 725 1156 diei
737 1105 899 1163 Sabbatiets

114 1180 276 1222 servaturum.
302 1171 351 1220 Dic
359 1180 421 1236 quot
432 1180 489 1220 sunt
500 1172 548 1220 ea?
580 1172 646 1220 cavit
657 1187 723 1221 eum.

148 1232 225 1296 Resp.
249 1238 350 1286 Decem.
613 1236 645 1286 V.
667 1237 777 1285 Honora
789 1242 899 1303 patrarat*

148 1298 196 1360 Qu·
221 1302 414 1365 Quaesuntea?
580 1310 687 1350 matrem
700 1310 779 1361 tuam,
792 1312 819 1351 ut
834 1296 899 1347 sista

148 1364 225 1427 Resp.
247 1368 286 1415 Ea
301 1368 355 1431 ipsa
366 1383 423 1431 quae
434 1366 505 1416 Deus
523 1367 548 1415 in
580 1382 655 1431 super
676 1374 778 1427 terram,
796 1380 865 1431 qnam
879 1362 899 1411 D

115 1433 198 1497 capite
210 1432 292 1481 Exodi
304 1432 422 1480 vicesimo
433 1432 546 1496 protulit,
581 1433 652 1480 Deus
663 1438 721 1481 tuus
732 1433 803 1481 dabit
813 1431 861 1481 tibi.

115 1498 208 1557 dicens,
220 1499 275 1561 Ego
285 1513 339 1546 sum
347 1498 472 1546 Dominus
479 1498 549 1546 Deus
613 1497 660 1546 VI.
682 1496 744 1546 Non
755 1498 856 1547 occides.
897 1558 899 1565 ⁴

115 1571 180 1623 tuus,
205 1564 248 1627 qui
276 1562 350 1611 eduxi
377 1570 403 1611 te
424 1563 457 1612 de
484 1573 550 1612 terra
613 1562 676 1611 VII.
698 1563 760 1611 Non
771 1560 899 1612 moeehnbe

116 1629 150 1678 AE
203 1631 229 1688 ti,
244 1628 277 1677 de
287 1628 364 1677 domo
375 1627 506 1678 servitutis.
615 1627 693 1676 VIII.
715 1628 776 1677 Non
787 1622 899 1677 sunumfi

149 1693 170 1742 1.
213 1710 246 1742 on
258 1693 362 1742 habebis
374 1693 443 1742 Deos
454 1693 549 1743 alienos
615 1692 663 1742 lx.
696 1692 757 1742 Non
788 1690 885 1759 loqueris

116 1774 201 1808 coram
213 1775 260 1807 me.
581 1758 724 1822 proximum
743 1767 814 1807 tuum
835 1756 899 1806 saum

150 1825 185 1872 II.
207 1825 267 1871 Non
280 1823 354 1872 facies
366 1824 411 1872 tibi
424 1823 546 1887 sculptile,
581 1824 702 1872 monium.

117 1906 198 1953 neque
227 1905 327 1936 omnem
361 1889 549 1937 similitudinem
616 1889 647 1936 X.
669 1889 729 1937 Non
742 1889 899 1957 concupiscas]

117 1971 173 2018 quze
183 1961 219 2002 est
229 1955 253 2002 in
262 1955 326 2002 coelo
335 1954 448 2017 desuper,
460 1963 484 2002 et
493 1971 549 2017 quae
582 1954 689 2018 proximi
714 1956 768 2011 tui;
796 1970 840 2003 nee
858 1952 899 1999 del

118 2020 144 2068 in
164 2029 229 2068 terra
248 2020 371 2078 deorsum,
395 2036 441 2067 nee
464 2036 549 2067 eorum
583 2035 683 2067 usonem
697 2019 765 2083 ejns3
783 2030 899 2067 nonsenu

118 2102 173 2149 quae
197 2094 253 2133 sunt
274 2085 299 2132 in
318 2085 388 2148 aquis
408 2085 454 2132 sub
474 2094 545 2133 terra.
582 2084 707 2141 ancillam,
722 2101 773 2132 non
788 2086 896 2133 bovem!

118 2151 179 2198 Non
191 2151 306 2198 adorabis
323 2166 360 2206 ea,
375 2166 455 2214 neque
472 2149 546 2198 coles.
583 2166 651 2208 num,
662 2165 708 2197 nec
716 2151 801 2198 onmia
809 2167 860 2214 quse
869 2146 897 2194 illi

118 2216 174 2278 Ego
193 2216 259 2263 eninr
277 2232 331 2262 sum
344 2216 468 2263 Dominus
482 2216 550 2262 Deus
616 2208 664 2267 Qu·
686 2216 755 2277 Quid
768 2216 899 2279 lmtissimur

118 2287 175 2329 tuus
186 2280 264 2338 sortis,
278 2281 378 2339 zelotes,
390 2281 492 2328 visitans
505 2280 550 2327 ini·
582 2279 707 2328 mandatis
719 2281 815 2329 discis?

118 2346 238 2410 quitatem
262 2355 360 2409 patrum
380 2346 406 2393 in
429 2345 501 2404 filios,
525 2345 550 2392 in
616 2336 693 2399 lie-‘l‘-
716 2346 793 2394 Duo:
813 2344 894 2393 scilieet

118 2412 217 2460 tertiam
235 2420 259 2459 et
276 2419 390 2474 quartam
412 2411 550 2473 generatio·
583 2410 648 2458 cium
678 2427 762 2458 nreurn
791 2427 848 2473 erga
872 2407 899 2455 lu

117 2492 176 2524 nem
188 2492 273 2525 eorum
286 2477 327 2540 qui
345 2477 450 2524 oderunt
465 2492 512 2532 me,
527 2484 550 2523 et
583 2475 691 2524 officium
703 2492 786 2524 meum
799 2490 899 2539 ergapr·¹

118 2542 210 2590 deciens
228 2542 422 2590 misericordiam
436 2541 460 2588 in
472 2541 552 2589 millia
615 2538 664 2595 Qu·
689 2541 826 2603 Quodnam
849 2550 881 2588 est

117 2606 157 2654 his
174 2607 216 2671 qui
234 2607 340 2669 diligunt
361 2622 409 2665 me,
429 2614 453 2654 et
470 2616 550 2654 custo·
583 2614 653 2655 tuum
666 2622 726 2669 erga
739 2607 842 2655 Deum?

117 2672 189 2720 diunt
202 2681 326 2735 praeeepta
337 2687 399 2719 mea.
617 2664 692 2725 Resp.
716 2671 834 2719 Officium
856 2686 899 2718 mm

154 2736 202 2785 llI.
233 2737 292 2785 Non
321 2752 431 2785 assumes
458 2752 550 2784 nomen
584 2736 667 2784 Deum
679 2745 715 2785 est
729 2746 756 2784 ut
770 2738 797 2785 in
810 2738 885 2801 ipsum

119 2801 224 2850 Domini
237 2803 285 2851 Dei
298 2803 333 2850 tui
345 2802 370 2849 in
383 2817 489 2849 vanum:
506 2818 552 2850 nec
584 2802 666 2864 ipsum
684 2802 795 2857 timeam,
816 2804 892 2866 ipsum

117 2868 186 2915 enim
203 2867 305 2916 habebit
326 2867 450 2915 insontem
463 2867 551 2914 Domi·
584 2867 659 2915 corde
682 2882 748 2926 meo,
773 2878 827 2915 tota
849 2882 899 2915 men

117 2948 247 2991 nuscum,
268 2933 310 2996 qui
330 2932 489 2994 assumpserit
507 2948 551 2980 no·
584 2932 676 2989 anima,
702 2941 756 2980 tota
779 2934 869 2981 virtute
892 2952 898 2973 ι

117 3012 175 3046 men
190 2998 293 3045 Domini
306 2998 355 3046 Dei
367 3000 404 3045 sui
417 2998 512 3045 frustra
584 2998 665 3060 ipsum
700 2997 813 3053 adorem,
845 2998 888 3062 ipsi

152 3063 198 3111 IV.
221 3063 351 3111 Memento
364 3069 391 3111 ut
408 3062 475 3110 diem
489 3062 551 3109 Sab·
584 3078 666 3123 agam,
677 3062 702 3110 in
712 3063 768 3125 ipso
775 3064 874 3126 penitus
881 3080 899 3109 en

117 3126 171 3176 bari
199 3128 344 3176 sanctifices.
385 3128 435 3176 Sex
463 3127 552 3175 diebus
584 3144 641 3175 eum
665 3128 789 3185 ins-ocem,
809 3140 899 3177 sanetur

117 3192 268 3257 operaberis,
303 3202 327 3242 et
359 3192 434 3242 facies
467 3193 553 3242 omnia
585 3193 686 3242 Nomen
703 3202 729 3242 et
742 3193 856 3243 Verbum
873 3210 899 3241 re

185 3255 234 3307 180
