2100 3524
581 1120 613 1249 Ι

581 1254 674 1304 mam·
750 1260 776 1306 et
875 1261 892 1298 Ι

146 1317 549 1383 Mitigasriomnunimtmz
613 1265 892 1371 candidium

112 1384 227 1434 avertisti
250 1383 285 1433 ab
306 1383 345 1433 im
368 1381 550 1447 indignationis
578 1383 652 1435 nim
665 1375 892 1439 mmm)

113 1457 171 1500 tuae
579 1446 892 1512 monumnenta

146 1511 550 1572 converterimnmsmlumis
578 1514 765 1566 nnterninte.

113 1578 552 1631 nostertetarerteimmtuamt
616 1573 892 1640 Misenumnam

114 1644 196 1695 nobis.
579 1643 652 1695 niem
669 1644 706 1696 nd
723 1640 892 1696 reclinavit

147 1707 550 1786 Numquidinaeternumimsoe·
580 1708 685 1761 ketifioe
717 1710 825 1761 enim
854 1719 892 1756 ren

114 1776 148 1824 ris
169 1775 263 1825 nobis?
279 1781 323 1823 aut
345 1774 464 1823 extendes
485 1774 550 1822 imm
580 1775 705 1840 quoniam
721 1776 754 1825 ad
771 1784 802 1833 te,
821 1769 892 1822 Domit

113 1851 183 1889 tuam
200 1857 215 1888 a
230 1839 390 1903 generatione
405 1840 432 1887 in
447 1855 550 1902 genera·
581 1857 650 1889 mam
662 1857 746 1890 meam
758 1840 841 1890 levari.

115 1908 230 1956 tionem?
616 1907 745 1969 Quoniam
757 1917 791 1964 tu,
803 1902 892 1971 Domine

146 1973 224 2030 Deus,
236 1981 263 2019 tu
270 1986 403 2019 conversus
412 1969 550 2018 vivificabis
582 1978 606 2020 et
627 1972 714 2021 mitis:
732 1981 756 2021 et
776 1971 854 2019 multae
870 1982 892 2013 1111

114 2054 178 2086 nos:
196 2046 221 2085 et
237 2036 309 2100 plebs
321 2045 364 2084 tua
379 2036 505 2084 laetabitur
523 2035 549 2084 in
582 2037 632 2085 diae
644 2038 762 2086 omnibus
774 2032 892 2085 invocanti}

115 2112 146 2152 te.
616 2103 729 2151 Auribus
758 2102 858 2166 percipe,
884 2096 892 2143 l

147 2165 550 2224 Ostendenobis‚D0mine,mise·
582 2168 724 2217 orationem
747 2183 841 2216 meam:
863 2174 883 2211 et

114 2234 246 2282 ricordiam
276 2240 362 2280 tuam:
391 2241 416 2280 et
443 2230 551 2280 salutare
582 2233 638 2280 voci
650 2233 832 2297 deprecationis
843 2242 892 2278 mee

114 2307 184 2347 tuum
196 2297 320 2345 danobis.
616 2297 648 2346 ln
682 2298 726 2347 die
759 2293 892 2346 tribulatium

148 2364 260 2411 Audiam
272 2362 333 2426 quid
344 2361 461 2425 loquatur
471 2360 498 2409 in
510 2377 551 2410 me
583 2361 690 2411 clamavi
708 2363 741 2412 ad
762 2373 803 2412 te:
819 2362 892 2426 quia«

116 2430 240 2478 Dominus
263 2428 350 2476 Deus:
372 2427 491 2490 quoniam
514 2426 550 2476 lo·
582 2443 630 2475 me.

114 2504 202 2559 quetur
214 2508 301 2557 pacem
314 2493 339 2539 in
351 2492 451 2555 plebem
463 2507 548 2541 suam:
616 2492 678 2541 Nou
698 2502 736 2543 est
754 2493 838 2541 similis
856 2488 884 2538 tui

148 2560 181 2609 Et
193 2575 267 2622 super
278 2566 377 2606 sanctos
395 2573 469 2605 suos:
488 2566 512 2605 et
524 2557 550 2604 in
584 2558 715 2608 Domine:
735 2568 760 2608 et
771 2575 822 2607 nou
833 2567 893 2606 estse

114 2640 157 2674 eos
169 2625 212 2689 qui
224 2631 402 2672 convertuntur
412 2623 445 2669 ad
457 2637 506 2671 cor.
583 2639 661 2686 opem
673 2632 724 2672 tua.

149 2690 326 2738 Verumtamen
339 2703 418 2751 prope
435 2687 551 2735 timentes
617 2688 715 2737 Omnes
737 2699 823 2752 gentes
847 2700 893 2751 qun

114 2771 172 2804 eum
192 2755 299 2803 salutare
319 2753 414 2816 ipsius:
432 2760 459 2800 ut
480 2752 550 2800 inha-
584 2753 664 2801 iecisti
692 2755 802 2811 venient.
832 2765 854 2802 et
874 2765 892 2798 ri

115 2820 177 2868 bitet
188 2820 268 2883 gloria
280 2819 306 2866 in
318 2827 383 2866 terra
395 2827 486 2866 nostra
583 2833 668 2867 coram
685 2826 719 2877 te,
740 2819 865 2867 Domine:
879 2829 893 2864 c

149 2884 322 2933 Misericordia
345 2891 370 2932 et
392 2883 483 2931 veritas
506 2883 550 2931 ob·
583 2884 676 2932 cabunt
689 2884 792 2934 Nomen
805 2895 877 2933 tuum

115 2949 245 2999 viaverunt
265 2948 329 2997 sibi:
344 2947 442 3011 justitio
460 2956 485 2997 et
501 2964 551 3012 pax
617 2949 746 3011 Quoniam
769 2961 893 3012 magnust

115 3015 307 3064 osculutaesunt.
584 3013 677 3062 iaciens
700 3015 842 3063 mirabilia:
858 3026 882 3063 tu

149 3078 249 3130 Veritas
260 3079 293 3126 de
304 3085 370 3126 terro
382 3086 436 3126 orta
452 3086 490 3126 est
502 3095 507 3128 :
526 3086 551 3127 et
583 3080 657 3127 solus.

155 3142 212 3195 titia
222 3142 255 3192 de
265 3142 329 3190 coelo
342 3144 477 3206 prospexit.
618 3144 707 3194 Deduc
727 3161 778 3205 me,
800 3145 893 3194 nomin·

148 3207 251 3261 uinum
274 3207 398 3256 Dominus
418 3208 489 3257 dabit
508 3209 550 3258 be·
584 3218 634 3268 tua,
660 3220 685 3259 et
716 3210 844 3275 ingrediar
864 3211 887 3259 in
