2116 3532
59 283 120 330 Dies
134 283 242 333 .l'.l'III.
466 287 576 352 {assint
837 304 954 352 ,IIIIIm

60 429 227 478 substantiam
239 429 291 493 ejus
311 441 318 473 τ
338 438 363 478 et
379 431 497 495 diripiant
563 429 652 478 Genua
669 447 725 478 mea
742 430 865 480 infirmata
882 441 965 480 sunta

60 495 135 543 alieni
148 495 246 543 labores
258 495 317 558 ejus.
526 493 622 557 jejunio
638 515 643 544 :
656 504 680 544 et
699 513 755 544 caro
767 514 823 545 mea
834 499 965 546 immutata

94 561 155 608 Non
168 561 199 608 sit
217 560 254 608 illi
267 561 365 623 adjutor
385 579 392 610 r
408 577 454 610 nec
466 561 497 611 sit
529 568 565 607 est
577 570 679 624 propter
690 562 779 610 oleum.

61 625 104 688 qni
116 625 262 673 misereatur
273 626 374 689 pupillis
386 626 444 690 ejus.
562 626 595 673 Et
623 643 669 688 ego
692 627 771 675 factus
793 644 848 675 sum
873 645 963 691 oppro-

94 691 169 738 Fiant
182 691 234 738 nati
246 690 298 753 ejus
307 692 332 739 in
347 692 495 741 interitum:
528 690 610 739 brium
627 692 676 740 illis
699 704 705 735 t
729 692 843 741 videmnt
865 710 913 752 me,
940 703 963 743 et

59 755 85 803 in
119 756 281 819 generatione
308 772 358 804 una
385 757 497 806 deleatur
528 765 657 805 moverunt
670 758 752 820 capita
763 774 813 806 sua.

60 836 154 869 nomen
167 821 226 884 ejus.
560 822 661 885 Adjuva
683 839 731 881 me,
758 823 868 872 Domine
892 825 962 872 Deus

93 886 124 933 In
136 887 285 934 memoriam
305 887 388 936 redeat
406 888 494 952 iniqui·
527 902 596 934 meus
620 887 739 935 :salvum
759 905 799 936 me
819 890 857 937 lac
877 906 962 937 secun·

60 959 97 999 tas
114 961 216 1015 patrum
238 952 290 1015 ejus
313 953 339 1000 in
361 963 495 1018 conspectu
526 951 586 999 dum
599 953 794 1001 misericordiam
807 962 883 1002 tuam.

60 1016 166 1064 Domini
193 1035 199 1066 ε
222 1025 246 1066 et
263 1027 392 1081 peccatum
411 1019 495 1068 matris
560 1018 593 1064 Et
621 1018 700 1067 sciant
728 1020 787 1082 quia
809 1036 896 1067 manus
919 1028 961 1067 tua

58 1081 112 1144 ejus
124 1098 176 1130 non
188 1082 305 1131 deleatur.
527 1081 581 1130 haec
607 1101 613 1131 ι
636 1091 661 1131 et
679 1092 712 1142 tu,
737 1085 854 1143 Domine,
882 1085 961 1133 fecisti

80 1148 169 1194 'Fiant
181 1157 266 1196 contra
275 1148 413 1196 Dominum
431 1166 494 1198 sem·
526 1162 588 1194 earn.

58 1228 110 1275 per,
129 1220 154 1260 et
172 1213 295 1277 dispereat
312 1215 344 1262 de
362 1223 426 1263 terra
443 1232 494 1264 me·
561 1213 713 1262 Maledicent
736 1213 780 1273 illi,
801 1223 825 1263 et
843 1223 869 1262 tu
886 1216 960 1263 bene-

57 1278 138 1326 moria
151 1294 236 1326 eomm
251 1297 257 1327 z
270 1295 315 1342 pro
325 1295 355 1327 eo
366 1281 433 1343 quod
444 1297 494 1328 non
525 1278 593 1325 dices
619 1297 625 1327 :
648 1279 691 1342 qui
713 1279 842 1342 insurgunt
866 1281 890 1327 in
910 1298 957 1340 me,

57 1352 94 1391 est
124 1344 268 1392 recordatus
295 1344 376 1393 lacere
399 1346 492 1394 miseri·
525 1343 725 1404 confundantur;
759 1362 843 1393 servus
877 1357 960 1394 autern

56 1408 170 1456 cordiam
182 1426 188 1456 ε
525 1416 582 1456 tuus
593 1408 723 1458 laetabitur.

90 1474 124 1521 Et
148 1481 290 1537 persecutus
307 1482 345 1523 est
366 1475 494 1524 hominem
559 1473 698 1522 Induantur
740 1476 784 1538 qui
828 1476 960 1524 detrahunt

56 1539 160 1602 inopem
173 1546 197 1587 et
214 1540 357 1588 mendicum
372 1549 414 1588 :et
426 1557 491 1589 com·
525 1539 587 1586 mihi
614 1541 709 1602 pudore
735 1559 741 1588 ε
769 1549 794 1588 et
817 1543 960 1605 operiantur

54 1612 176 1667 punctum
190 1605 264 1653 corde
275 1605 430 1654 mortificare.
524 1603 588 1651 sicut
599 1605 710 1668 diploide
723 1606 867 1655 confusione
878 1624 929 1655 sua.

90 1670 124 1717 Et
140 1669 227 1717 dilexit
244 1670 453 1730 maledictionem,
468 1680 492 1720 et
558 1669 704 1718 Confitebor
720 1671 831 1719 Domino
848 1672 921 1719 nimis
934 1672 958 1719 in

55 1735 140 1782 veniet
152 1734 175 1782 ei
190 1742 233 1783 :et
250 1736 329 1783 noluit
341 1736 490 1785 benedictio·
524 1750 567 1782 ore
581 1751 637 1783 meo
659 1754 664 1783 :
682 1745 707 1784 et
724 1737 750 1783 in
768 1738 851 1785 medio
869 1738 958 1785 multo-

56 1815 122 1858 nem,
139 1808 162 1847 et
175 1800 332 1863 elongabitur
344 1801 376 1848 ab
386 1817 422 1850 eo.
524 1816 577 1847 rum
590 1800 698 1848 laudabo
710 1818 774 1849 enm.

89 1865 124 1913 Et
144 1865 225 1913 induit
242 1866 442 1914 maledictionem
460 1867 491 1915 si·
557 1865 623 1927 Quia
645 1867 723 1913 astitit
746 1883 761 1914 a
782 1868 874 1915 dextris
897 1884 957 1931 pau·

55 1937 98 1978 cut
117 1931 292 1978 vestimentum
320 1950 326 1979 ε
349 1942 373 1980 et
390 1933 491 1981 intravit
523 1931 588 1992 peris
604 1938 648 1979 :ut
663 1931 757 1979 salvam
770 1932 859 1981 faceret
878 1950 958 1997 aper-

55 1995 119 2044 sicut
131 2011 197 2060 aqua
214 1996 239 2044 in
256 1997 373 2044 interiora
389 1997 449 2061 ejus,
467 2008 491 2047 et
522 1997 682 2059 sequentibus
693 1997 803 2045 animam
816 2015 903 2047 meam.

55 2061 119 2109 sieut
131 2061 214 2109 oleum
224 2061 249 2109 in
261 2063 356 2110 ossibus
369 2062 428 2125 ejus.
683 2082 686 2090 ·

90 2127 147 2174 Fiat
175 2125 197 2174 ei
225 2127 288 2175 sicut
316 2128 490 2176 vestimentum

55 2207 106 2254 quo
118 2200 249 2267 operitur:
261 2200 285 2267 et
298 2202 359 2241 sicut
368 2209 430 2241 zona
442 2210 491 2257 qua
519 2211 585 2257 pm»,-
605 2211 707 2261 xxm¹
730 2209 769 2265 Q
787 2211 948 2271 stramina·

55 2272 154 2320 semper
163 2266 327 2320 praecrngrtur.

89 2322 151 2369 Hoc
168 2338 230 2385 opus
248 2338 332 2370 eorum
350 2323 392 2386 qui
410 2324 490 2372 detra·
639 2342 771 2391 PSALMUS
784 2343 840 2392 CX,

56 2386 117 2434 hunt
131 2386 192 2434 mihi
210 2388 275 2451 apud
294 2388 432 2436 Dominum
448 2398 491 2439 :et

55 2451 98 2516 qui
122 2450 258 2516 loquuntur
283 2452 351 2501 mala
373 2455 491 2504 adversus
588 2457 666 2505 IXIT
696 2459 819 2507 Dominus
848 2459 958 2507 Domino

55 2517 167 2565 animam
179 2533 268 2566 meam.
620 2539 677 2572 meo
704 2542 710 2572 ι
733 2525 800 2573 Sede
822 2541 838 2572 a
865 2525 958 2572 dextris

89 2583 123 2630 Et
135 2590 171 2642 tu,
187 2583 303 2642 Domine,
319 2583 436 2643 Domine,
452 2584 490 2634 sac
522 2587 603 2636 meis:

55 2663 154 2696 mecum
166 2657 268 2712 propter
285 2649 385 2697 Nomen
398 2658 467 2698 tuum
483 2669 489 2700 z
555 2654 644 2701 Donec
656 2669 748 2717 ponam
759 2655 872 2703 inimicos
885 2663 958 2704 tuos:

55 2713 115 2776 quia
142 2713 224 2762 suavis
257 2720 293 2762 est
322 2714 491 2764 misericordia
522 2718 657 2766 scabellum
670 2719 762 2782 pedum
774 2727 880 2768 tuorum.

56 2789 106 2826 tua.
556 2783 659 2846 Virgam
679 2784 777 2834 virtutis
795 2793 844 2833 tuae
861 2785 957 2833 emittet

88 2843 182 2891 Libera
200 2859 249 2902 me,
270 2844 330 2908 quia
351 2861 443 2908 egenus
466 2855 490 2895 et
523 2848 647 2896 Dominus
659 2865 689 2896 ex
702 2849 763 2898 Sion
777 2851 957 2903 :dominarein

56 2924 150 2971 pauper
162 2924 209 2970 ego
220 2924 276 2957 sum
291 2928 297 2957 ε
310 2916 334 2958 et
352 2926 490 2959 cormeum
523 2914 607 2961 medio
618 2914 776 2962 inimicorum
788 2922 895 2964 tuorum.

56 2973 231 3021 conturbatum
243 2983 280 3022 est
292 2975 356 3022 intra
367 2992 414 3024 me.
557 2979 652 3027 Tecum
681 2980 830 3043 principium
858 2982 884 3028 in
917 2981 958 3029 die

88 3039 160 3087 Sicut
182 3039 270 3087 umbra
298 3056 354 3088 curn
382 3042 490 3090 declinat
523 3044 620 3091 virtutis
648 3052 697 3093 tuae
725 3045 751 3093 in
784 3046 958 3109 splendoribus

54 3103 152 3152 ablatus
164 3120 219 3152 sum
240 3123 246 3154 ε
263 3112 287 3154 et
304 3122 419 3155 excussus
436 3123 491 3156 sum
524 3117 665 3157 sanctorum
681 3126 730 3163 :ex
741 3117 811 3160 utero
823 3120 881 3160 ante
898 3111 956 3162 luci:

55 3169 117 3217 sicut
129 3169 238 3219 locustae.
524 3174 608 3225 lerum
616 3175 694 3241 genui
703 3184 739 3226 te.

113 3247 163 3295 291
