<?xml version="1.0" encoding="UTF-8"?>
<!DOCTYPE html PUBLIC "-//W3C//DTD XHTML 1.0 Transitional//EN"
    "http://www.w3.org/TR/xhtml1/DTD/xhtml1-transitional.dtd">
<html xmlns="http://www.w3.org/1999/xhtml" xml:lang="en" lang="en">
 <head>
  <title>
</title>
<meta http-equiv="Content-Type" content="text/html;charset=utf-8" />
  <meta name='ocr-system' content='tesseract 3.04.00' />
  <meta name='ocr-capabilities' content='ocr_page ocr_carea ocr_par ocr_line ocrx_word'/>
</head>
<body>
  <div class='ocr_page' id='page_1' title='image "./liberprecumpubl00englgoog_0270.png"; bbox 0 0 2116 3532; ppageno 0'>
   <div class='ocr_carea' id='block_1_1' title="bbox 228 109 798 211">
    <p class='ocr_par' dir='ltr' id='par_1_1' title="bbox 228 109 798 211">
     <span class='ocr_line' id='line_1_1' title="bbox 228 109 798 211; baseline 0.004 -21"><span class='ocrx_word' id='word_1_1' title='bbox 228 109 494 211; x_wconf 55' lang='lat' dir='ltr'>baaltttiant</span> <span class='ocrx_word' id='word_1_2' title='bbox 536 109 798 192; x_wconf 57' lang='lat' dir='ltr'>bertiniani.</span> 
     </span>
    </p>
   </div>
   <div class='ocr_carea' id='block_1_2' title="bbox 15 428 976 2528">
    <p class='ocr_par' dir='ltr' id='par_1_2' title="bbox 15 428 976 2528">
     <span class='ocr_line' id='line_1_2' title="bbox 15 428 965 513; baseline -0.001 -25"><span class='ocrx_word' id='word_1_3' title='bbox 15 428 24 458; x_wconf 76' lang='lat'>²</span> <span class='ocrx_word' id='word_1_4' title='bbox 111 433 170 488; x_wconf 71' lang='lat' dir='ltr'>Duas</span> <span class='ocrx_word' id='word_1_5' title='bbox 182 439 204 490; x_wconf 91' lang='lat'>1.</span> <span class='ocrx_word' id='word_1_6' title='bbox 236 435 278 493; x_wconf 59' lang='lat' dir='ltr'>Q</span> <span class='ocrx_word' id='word_1_7' title='bbox 294 436 456 498; x_wconf 68' lang='lat' dir='ltr'>fflatuiittaa.</span> <span class='ocrx_word' id='word_1_8' title='bbox 564 439 724 513; x_wconf 44' lang='lat' dir='ltr'>§astiterunt</span> <span class='ocrx_word' id='word_1_9' title='bbox 747 453 816 501; x_wconf 81' lang='lat' dir='ltr'>reges</span> <span class='ocrx_word' id='word_1_10' title='bbox 840 448 918 497; x_wconf 64' lang='lat' dir='ltr'>tenu,</span> <span class='ocrx_word' id='word_1_11' title='bbox 942 447 965 487; x_wconf 85' lang='lat' dir='ltr'>et</span> 
     </span>
     <span class='ocr_line' id='line_1_3' title="bbox 346 512 966 628; baseline -0.001 -10.188"><span class='ocrx_word' id='word_1_12' title='bbox 346 545 365 593; x_wconf 78' lang='lat'>1.</span> <span class='ocrx_word' id='word_1_13' title='bbox 532 512 966 628; x_wconf 49' lang='lat' dir='ltr'>{iremanzimunm</span> 
     </span>
     <span class='ocr_line' id='line_1_4' title="bbox 127 635 731 699; baseline -0.005 -14"><span class='ocrx_word' id='word_1_14' title='bbox 127 636 245 686; x_wconf 88' lang='lat' dir='ltr'><strong>EATUS</strong></span> <span class='ocrx_word' id='word_1_15' title='bbox 260 636 303 695; x_wconf 84' lang='lat' dir='ltr'>vir,</span> <span class='ocrx_word' id='word_1_16' title='bbox 318 635 422 699; x_wconf 86' lang='lat' dir='ltr'>quinon</span> <span class='ocrx_word' id='word_1_17' title='bbox 439 636 501 684; x_wconf 84' lang='lat' dir='ltr'>abiit</span> <span class='ocrx_word' id='word_1_18' title='bbox 534 635 660 683; x_wconf 82' lang='lat' dir='ltr'>Christum</span> <span class='ocrx_word' id='word_1_19' title='bbox 672 635 731 698; x_wconf 87' lang='lat' dir='ltr'>ejus.</span> 
     </span>
     <span class='ocr_line' id='line_1_5' title="bbox 81 699 966 766; baseline -0.003 -15"><span class='ocrx_word' id='word_1_20' title='bbox 81 757 86 766; x_wconf 33' lang='lat'>¹</span> <span class='ocrx_word' id='word_1_21' title='bbox 156 702 183 751; x_wconf 92' lang='lat' dir='ltr'>in</span> <span class='ocrx_word' id='word_1_22' title='bbox 197 702 303 750; x_wconf 89' lang='lat' dir='ltr'>consilio</span> <span class='ocrx_word' id='word_1_23' title='bbox 320 701 462 765; x_wconf 89' lang='lat' dir='ltr'>impiorum,</span> <span class='ocrx_word' id='word_1_24' title='bbox 477 713 501 750; x_wconf 90' lang='lat' dir='ltr'>et</span> <span class='ocrx_word' id='word_1_25' title='bbox 566 701 745 763; x_wconf 89' lang='lat' dir='ltr'>Dirumpamus</span> <span class='ocrx_word' id='word_1_26' title='bbox 754 699 853 747; x_wconf 84' lang='lat' dir='ltr'>vincula</span> <span class='ocrx_word' id='word_1_27' title='bbox 863 716 966 748; x_wconf 83' lang='lat' dir='ltr'>eorum:</span> 
     </span>
     <span class='ocr_line' id='line_1_6' title="bbox 79 765 965 832; baseline -0.003 -16"><span class='ocrx_word' id='word_1_28' title='bbox 79 773 99 809; x_wconf 90' lang='grc'>111</span> <span class='ocrx_word' id='word_1_29' title='bbox 112 767 150 816; x_wconf 83' lang='lat' dir='ltr'>via</span> <span class='ocrx_word' id='word_1_30' title='bbox 166 775 327 832; x_wconf 84' lang='lat' dir='ltr'>peccatorum</span> <span class='ocrx_word' id='word_1_31' title='bbox 344 783 394 814; x_wconf 91' lang='lat' dir='ltr'>non</span> <span class='ocrx_word' id='word_1_32' title='bbox 411 767 501 815; x_wconf 84' lang='lat' dir='ltr'>stetit:</span> <span class='ocrx_word' id='word_1_33' title='bbox 533 772 557 813; x_wconf 91' lang='lat' dir='ltr'>et</span> <span class='ocrx_word' id='word_1_34' title='bbox 578 765 736 829; x_wconf 83' lang='lat' dir='ltr'>projiciamus</span> <span class='ocrx_word' id='word_1_35' title='bbox 754 766 857 813; x_wconf 86' lang='lat' dir='ltr'>anobis</span> <span class='ocrx_word' id='word_1_36' title='bbox 877 765 965 829; x_wconf 83' lang='lat' dir='ltr'>jugum</span> 
     </span>
     <span class='ocr_line' id='line_1_7' title="bbox 78 830 649 896; baseline -0.005 -15"><span class='ocrx_word' id='word_1_37' title='bbox 78 836 96 874; x_wconf 82' lang='lat' dir='ltr'>et</span> <span class='ocrx_word' id='word_1_38' title='bbox 108 832 133 881; x_wconf 87' lang='lat' dir='ltr'>in</span> <span class='ocrx_word' id='word_1_39' title='bbox 150 833 270 881; x_wconf 82' lang='lat' dir='ltr'><strong>cathedra</strong></span> <span class='ocrx_word' id='word_1_40' title='bbox 285 832 432 896; x_wconf 77' lang='lat' dir='ltr'><strong>pestilentiae</strong></span> <span class='ocrx_word' id='word_1_41' title='bbox 450 849 500 881; x_wconf 87' lang='lat' dir='ltr'>non</span> <span class='ocrx_word' id='word_1_42' title='bbox 533 830 649 895; x_wconf 89' lang='lat' dir='ltr'>ipsorum.</span> 
     </span>
     <span class='ocr_line' id='line_1_8' title="bbox 75 895 965 958; baseline -0.002 -13"><span class='ocrx_word' id='word_1_43' title='bbox 75 897 143 947; x_wconf 81' lang='lat' dir='ltr'>sedit:</span> <span class='ocrx_word' id='word_1_44' title='bbox 566 896 616 958; x_wconf 89' lang='lat' dir='ltr'>Qui</span> <span class='ocrx_word' id='word_1_45' title='bbox 628 896 723 944; x_wconf 86' lang='lat' dir='ltr'>habitat</span> <span class='ocrx_word' id='word_1_46' title='bbox 736 896 761 943; x_wconf 89' lang='lat' dir='ltr'>in</span> <span class='ocrx_word' id='word_1_47' title='bbox 773 895 842 943; x_wconf 81' lang='lat' dir='ltr'>coelis</span> <span class='ocrx_word' id='word_1_48' title='bbox 855 896 965 944; x_wconf 86' lang='lat' dir='ltr'>irridebit</span> 
     </span>
     <span class='ocr_line' id='line_1_9' title="bbox 85 961 965 1032; baseline -0.005 -20"><span class='ocrx_word' id='word_1_49' title='bbox 85 963 150 1032; x_wconf 86' lang='lat' dir='ltr'>¹Sed</span> <span class='ocrx_word' id='word_1_50' title='bbox 162 963 189 1011; x_wconf 88' lang='lat' dir='ltr'>in</span> <span class='ocrx_word' id='word_1_51' title='bbox 203 962 258 1026; x_wconf 80' lang='lat' dir='ltr'>lege</span> <span class='ocrx_word' id='word_1_52' title='bbox 270 962 374 1011; x_wconf 83' lang='lat' dir='ltr'>Domini</span> <span class='ocrx_word' id='word_1_53' title='bbox 386 962 500 1011; x_wconf 88' lang='lat' dir='ltr'>voluntas</span> <span class='ocrx_word' id='word_1_54' title='bbox 532 977 574 1009; x_wconf 89' lang='lat' dir='ltr'>eos</span> <span class='ocrx_word' id='word_1_55' title='bbox 595 980 601 1010; x_wconf 94' lang='lat'><strong>:</strong></span> <span class='ocrx_word' id='word_1_56' title='bbox 619 970 643 1009; x_wconf 90' lang='lat' dir='ltr'>et</span> <span class='ocrx_word' id='word_1_57' title='bbox 661 961 785 1010; x_wconf 91' lang='lat' dir='ltr'>Dominus</span> <span class='ocrx_word' id='word_1_58' title='bbox 804 962 965 1009; x_wconf 78' lang='lat' dir='ltr'>subsannabit</span> 
     </span>
     <span class='ocr_line' id='line_1_10' title="bbox 71 1028 580 1091; baseline -0.004 -15"><span class='ocrx_word' id='word_1_59' title='bbox 71 1035 118 1085; x_wconf 68' lang='lat' dir='ltr'>ejus</span> <span class='ocrx_word' id='word_1_60' title='bbox 138 1046 144 1078; x_wconf 91' lang='lat'>:</span> <span class='ocrx_word' id='word_1_61' title='bbox 163 1029 231 1077; x_wconf 85' lang='lat' dir='ltr'>etin</span> <span class='ocrx_word' id='word_1_62' title='bbox 249 1028 374 1091; x_wconf 85' lang='lat' dir='ltr'>legeejus</span> <span class='ocrx_word' id='word_1_63' title='bbox 395 1029 499 1076; x_wconf 85' lang='lat' dir='ltr'>medita·</span> <span class='ocrx_word' id='word_1_64' title='bbox 531 1042 580 1074; x_wconf 88' lang='lat' dir='ltr'>eos.</span> 
     </span>
     <span class='ocr_line' id='line_1_11' title="bbox 70 1083 967 1155; baseline -0.001 -15"><span class='ocrx_word' id='word_1_65' title='bbox 70 1083 132 1142; x_wconf 83' lang='lat' dir='ltr'>bitur</span> <span class='ocrx_word' id='word_1_66' title='bbox 143 1093 185 1142; x_wconf 94' lang='lat' dir='ltr'>die</span> <span class='ocrx_word' id='word_1_67' title='bbox 196 1109 225 1142; x_wconf 89' lang='lat' dir='ltr'>ac</span> <span class='ocrx_word' id='word_1_68' title='bbox 238 1102 317 1142; x_wconf 89' lang='lat' dir='ltr'>nocte.</span> <span class='ocrx_word' id='word_1_69' title='bbox 564 1092 636 1139; x_wconf 90' lang='lat' dir='ltr'>Tunc</span> <span class='ocrx_word' id='word_1_70' title='bbox 653 1091 768 1155; x_wconf 90' lang='lat' dir='ltr'>loquetur</span> <span class='ocrx_word' id='word_1_71' title='bbox 778 1091 810 1139; x_wconf 88' lang='lat' dir='ltr'>ad</span> <span class='ocrx_word' id='word_1_72' title='bbox 827 1107 869 1140; x_wconf 92' lang='lat' dir='ltr'>eos</span> <span class='ocrx_word' id='word_1_73' title='bbox 887 1091 913 1138; x_wconf 87' lang='lat' dir='ltr'>in</span> <span class='ocrx_word' id='word_1_74' title='bbox 930 1092 967 1139; x_wconf 86' lang='lat' dir='ltr'>ira</span> 
     </span>
     <span class='ocr_line' id='line_1_12' title="bbox 97 1157 965 1222; baseline -0.005 -14"><span class='ocrx_word' id='word_1_75' title='bbox 97 1160 132 1208; x_wconf 84' lang='lat' dir='ltr'>Et</span> <span class='ocrx_word' id='word_1_76' title='bbox 163 1159 209 1207; x_wconf 83' lang='lat' dir='ltr'>erit</span> <span class='ocrx_word' id='word_1_77' title='bbox 242 1166 361 1222; x_wconf 86' lang='lat' dir='ltr'>tanquam</span> <span class='ocrx_word' id='word_1_78' title='bbox 393 1158 496 1222; x_wconf 83' lang='lat' dir='ltr'>lignum,</span> <span class='ocrx_word' id='word_1_79' title='bbox 531 1173 576 1204; x_wconf 90' lang='lat' dir='ltr'>sua</span> <span class='ocrx_word' id='word_1_80' title='bbox 591 1175 596 1204; x_wconf 92' lang='lat'>:</span> <span class='ocrx_word' id='word_1_81' title='bbox 609 1166 633 1204; x_wconf 92' lang='lat' dir='ltr'>et</span> <span class='ocrx_word' id='word_1_82' title='bbox 646 1157 671 1204; x_wconf 90' lang='lat' dir='ltr'>in</span> <span class='ocrx_word' id='word_1_83' title='bbox 683 1157 765 1206; x_wconf 87' lang='lat' dir='ltr'>surore</span> <span class='ocrx_word' id='word_1_84' title='bbox 776 1174 821 1206; x_wconf 93' lang='lat' dir='ltr'>suo</span> <span class='ocrx_word' id='word_1_85' title='bbox 834 1158 965 1205; x_wconf 88' lang='lat' dir='ltr'>conturba-</span> 
     </span>
     <span class='ocr_line' id='line_1_13' title="bbox 66 1222 629 1289; baseline -0.004 -17"><span class='ocrx_word' id='word_1_86' title='bbox 66 1225 132 1284; x_wconf 84' lang='lat' dir='ltr'>quod</span> <span class='ocrx_word' id='word_1_87' title='bbox 151 1224 292 1289; x_wconf 86' lang='lat' dir='ltr'>plantatum</span> <span class='ocrx_word' id='word_1_88' title='bbox 311 1230 347 1272; x_wconf 90' lang='lat' dir='ltr'>est</span> <span class='ocrx_word' id='word_1_89' title='bbox 370 1240 440 1272; x_wconf 89' lang='lat' dir='ltr'>secus</span> <span class='ocrx_word' id='word_1_90' title='bbox 457 1225 499 1272; x_wconf 90' lang='lat' dir='ltr'>de·</span> <span class='ocrx_word' id='word_1_91' title='bbox 532 1222 568 1269; x_wconf 85' lang='lat' dir='ltr'>bit</span> <span class='ocrx_word' id='word_1_92' title='bbox 580 1238 629 1270; x_wconf 89' lang='lat' dir='ltr'>eos.</span> 
     </span>
     <span class='ocr_line' id='line_1_14' title="bbox 65 1287 964 1353; baseline -0.004 -15"><span class='ocrx_word' id='word_1_93' title='bbox 65 1299 150 1339; x_wconf 72' lang='lat' dir='ltr'>cursus</span> <span class='ocrx_word' id='word_1_94' title='bbox 173 1305 293 1353; x_wconf 86' lang='lat' dir='ltr'>aquarum</span> <span class='ocrx_word' id='word_1_95' title='bbox 314 1307 320 1337; x_wconf 88' lang='lat'>:</span> <span class='ocrx_word' id='word_1_96' title='bbox 340 1289 408 1352; x_wconf 90' lang='lat' dir='ltr'>quod</span> <span class='ocrx_word' id='word_1_97' title='bbox 437 1289 499 1337; x_wconf 81' lang='lat' dir='ltr'>fruc-</span> <span class='ocrx_word' id='word_1_98' title='bbox 565 1287 620 1350; x_wconf 83' lang='lat' dir='ltr'>Ego</span> <span class='ocrx_word' id='word_1_99' title='bbox 641 1296 723 1335; x_wconf 86' lang='lat' dir='ltr'>autem</span> <span class='ocrx_word' id='word_1_100' title='bbox 741 1287 889 1335; x_wconf 82' lang='lat' dir='ltr'>constitutus</span> <span class='ocrx_word' id='word_1_101' title='bbox 911 1303 964 1335; x_wconf 93' lang='lat' dir='ltr'>sum</span> 
     </span>
     <span class='ocr_line' id='line_1_15' title="bbox 64 1352 965 1418; baseline -0.004 -15"><span class='ocrx_word' id='word_1_102' title='bbox 64 1357 117 1404; x_wconf 77' lang='lat' dir='ltr'>tum</span> <span class='ocrx_word' id='word_1_103' title='bbox 146 1370 220 1403; x_wconf 90' lang='lat' dir='ltr'>suum</span> <span class='ocrx_word' id='word_1_104' title='bbox 246 1355 316 1403; x_wconf 89' lang='lat' dir='ltr'>dabit</span> <span class='ocrx_word' id='word_1_105' title='bbox 339 1355 365 1402; x_wconf 89' lang='lat' dir='ltr'>iu</span> <span class='ocrx_word' id='word_1_106' title='bbox 387 1361 500 1418; x_wconf 87' lang='lat' dir='ltr'>tempore</span> <span class='ocrx_word' id='word_1_107' title='bbox 533 1352 587 1400; x_wconf 86' lang='lat' dir='ltr'>Rex</span> <span class='ocrx_word' id='word_1_108' title='bbox 602 1352 634 1400; x_wconf 88' lang='lat' dir='ltr'>ab</span> <span class='ocrx_word' id='word_1_109' title='bbox 647 1368 677 1401; x_wconf 92' lang='lat' dir='ltr'>eo</span> <span class='ocrx_word' id='word_1_110' title='bbox 688 1368 762 1416; x_wconf 89' lang='lat' dir='ltr'>super</span> <span class='ocrx_word' id='word_1_111' title='bbox 774 1355 836 1401; x_wconf 84' lang='lat' dir='ltr'>Sion</span> <span class='ocrx_word' id='word_1_112' title='bbox 854 1360 965 1400; x_wconf 84' lang='lat' dir='ltr'>montem</span> 
     </span>
     <span class='ocr_line' id='line_1_16' title="bbox 63 1417 965 1482; baseline 0.001 -17"><span class='ocrx_word' id='word_1_113' title='bbox 63 1430 124 1470; x_wconf 81' lang='lat' dir='ltr'>suo:</span> <span class='ocrx_word' id='word_1_114' title='bbox 531 1426 644 1466; x_wconf 81' lang='lat' dir='ltr'>sanctum</span> <span class='ocrx_word' id='word_1_115' title='bbox 662 1417 714 1480; x_wconf 84' lang='lat' dir='ltr'>ejus</span> <span class='ocrx_word' id='word_1_116' title='bbox 729 1419 886 1482; x_wconf 69' lang='lat' dir='ltr'>:praedicans</span> <span class='ocrx_word' id='word_1_117' title='bbox 903 1434 965 1481; x_wconf 81' lang='lat' dir='ltr'>prae·</span> 
     </span>
     <span class='ocr_line' id='line_1_17' title="bbox 96 1483 702 1549; baseline -0.007 -15"><span class='ocrx_word' id='word_1_118' title='bbox 96 1487 132 1535; x_wconf 89' lang='lat' dir='ltr'>Et</span> <span class='ocrx_word' id='word_1_119' title='bbox 144 1485 232 1533; x_wconf 85' lang='lat' dir='ltr'>solium</span> <span class='ocrx_word' id='word_1_120' title='bbox 249 1484 301 1549; x_wconf 89' lang='lat' dir='ltr'>ejus</span> <span class='ocrx_word' id='word_1_121' title='bbox 318 1501 368 1533; x_wconf 91' lang='lat' dir='ltr'>non</span> <span class='ocrx_word' id='word_1_122' title='bbox 385 1484 477 1534; x_wconf 88' lang='lat' dir='ltr'>defluet</span> <span class='ocrx_word' id='word_1_123' title='bbox 494 1504 499 1533; x_wconf 73' lang='grc' dir='ltr'><strong><em>ι</em></strong></span> <span class='ocrx_word' id='word_1_124' title='bbox 531 1492 631 1547; x_wconf 80' lang='lat' dir='ltr'>ceptum</span> <span class='ocrx_word' id='word_1_125' title='bbox 644 1483 702 1546; x_wconf 87' lang='lat' dir='ltr'>ejus.</span> 
     </span>
     <span class='ocr_line' id='line_1_18' title="bbox 65 1548 966 1614; baseline -0.003 -16"><span class='ocrx_word' id='word_1_126' title='bbox 65 1560 89 1601; x_wconf 84' lang='lat' dir='ltr'>et</span> <span class='ocrx_word' id='word_1_127' title='bbox 118 1552 204 1600; x_wconf 87' lang='lat' dir='ltr'>omnia</span> <span class='ocrx_word' id='word_1_128' title='bbox 232 1566 395 1614; x_wconf 84' lang='lat' dir='ltr'>quaecumque</span> <span class='ocrx_word' id='word_1_129' title='bbox 427 1551 500 1599; x_wconf 84' lang='lat' dir='ltr'>saciet</span> <span class='ocrx_word' id='word_1_130' title='bbox 565 1548 689 1596; x_wconf 86' lang='lat' dir='ltr'>Dominus</span> <span class='ocrx_word' id='word_1_131' title='bbox 701 1548 763 1596; x_wconf 89' lang='lat' dir='ltr'>dixit</span> <span class='ocrx_word' id='word_1_132' title='bbox 775 1549 807 1596; x_wconf 89' lang='lat' dir='ltr'>ad</span> <span class='ocrx_word' id='word_1_133' title='bbox 823 1565 871 1606; x_wconf 87' lang='lat' dir='ltr'>me,</span> <span class='ocrx_word' id='word_1_134' title='bbox 888 1548 966 1596; x_wconf 84' lang='lat' dir='ltr'>Filius</span> 
     </span>
     <span class='ocr_line' id='line_1_19' title="bbox 65 1614 962 1680; baseline -0.003 -16"><span class='ocrx_word' id='word_1_135' title='bbox 65 1617 282 1680; x_wconf 86' lang='lat' dir='ltr'>prosperabuntur.</span> <span class='ocrx_word' id='word_1_136' title='bbox 532 1629 601 1661; x_wconf 89' lang='lat' dir='ltr'>meus</span> <span class='ocrx_word' id='word_1_137' title='bbox 614 1630 639 1661; x_wconf 87' lang='lat' dir='ltr'>es</span> <span class='ocrx_word' id='word_1_138' title='bbox 651 1622 678 1661; x_wconf 92' lang='lat' dir='ltr'>tu</span> <span class='ocrx_word' id='word_1_139' title='bbox 690 1632 695 1661; x_wconf 90' lang='lat'><strong>:</strong></span> <span class='ocrx_word' id='word_1_140' title='bbox 705 1630 752 1676; x_wconf 83' lang='lat' dir='ltr'>ego</span> <span class='ocrx_word' id='word_1_141' title='bbox 761 1614 835 1662; x_wconf 86' lang='lat' dir='ltr'>hodie</span> <span class='ocrx_word' id='word_1_142' title='bbox 843 1614 918 1676; x_wconf 83' lang='lat' dir='ltr'>genui</span> <span class='ocrx_word' id='word_1_143' title='bbox 931 1622 962 1661; x_wconf 87' lang='lat' dir='ltr'>te.</span> 
     </span>
     <span class='ocr_line' id='line_1_20' title="bbox 97 1678 965 1745; baseline -0.006 -16"><span class='ocrx_word' id='word_1_144' title='bbox 97 1681 159 1729; x_wconf 93' lang='lat' dir='ltr'>Non</span> <span class='ocrx_word' id='word_1_145' title='bbox 176 1682 211 1730; x_wconf 89' lang='lat' dir='ltr'>sic</span> <span class='ocrx_word' id='word_1_146' title='bbox 229 1681 307 1745; x_wconf 86' lang='lat' dir='ltr'>impii,</span> <span class='ocrx_word' id='word_1_147' title='bbox 321 1697 372 1729; x_wconf 89' lang='lat' dir='ltr'>non</span> <span class='ocrx_word' id='word_1_148' title='bbox 388 1681 423 1730; x_wconf 88' lang='lat' dir='ltr'>sic</span> <span class='ocrx_word' id='word_1_149' title='bbox 438 1681 499 1730; x_wconf 86' lang='lat' dir='ltr'>:sed</span> <span class='ocrx_word' id='word_1_150' title='bbox 566 1678 668 1726; x_wconf 86' lang='lat' dir='ltr'>Postula</span> <span class='ocrx_word' id='word_1_151' title='bbox 687 1694 702 1726; x_wconf 92' lang='lat' dir='ltr'>a</span> <span class='ocrx_word' id='word_1_152' title='bbox 722 1695 770 1738; x_wconf 90' lang='lat' dir='ltr'>me,</span> <span class='ocrx_word' id='word_1_153' title='bbox 791 1687 815 1728; x_wconf 90' lang='lat' dir='ltr'>et</span> <span class='ocrx_word' id='word_1_154' title='bbox 836 1679 902 1727; x_wconf 87' lang='lat' dir='ltr'>dabo</span> <span class='ocrx_word' id='word_1_155' title='bbox 920 1679 965 1726; x_wconf 86' lang='lat' dir='ltr'>tibi</span> 
     </span>
     <span class='ocr_line' id='line_1_21' title="bbox 65 1744 962 1810; baseline -0.006 -15"><span class='ocrx_word' id='word_1_156' title='bbox 65 1752 185 1810; x_wconf 81' lang='lat' dir='ltr'>tanquam</span> <span class='ocrx_word' id='word_1_157' title='bbox 203 1746 285 1810; x_wconf 88' lang='lat' dir='ltr'>pulvis</span> <span class='ocrx_word' id='word_1_158' title='bbox 304 1763 380 1810; x_wconf 90' lang='lat' dir='ltr'>quem</span> <span class='ocrx_word' id='word_1_159' title='bbox 400 1745 498 1810; x_wconf 86' lang='lat' dir='ltr'>projicit</span> <span class='ocrx_word' id='word_1_160' title='bbox 531 1752 617 1806; x_wconf 83' lang='lat' dir='ltr'>gentes</span> <span class='ocrx_word' id='word_1_161' title='bbox 637 1744 809 1793; x_wconf 84' lang='lat' dir='ltr'>haereditatem</span> <span class='ocrx_word' id='word_1_162' title='bbox 827 1751 896 1792; x_wconf 88' lang='lat' dir='ltr'>tuam</span> <span class='ocrx_word' id='word_1_163' title='bbox 917 1761 923 1791; x_wconf 88' lang='lat'>:</span> <span class='ocrx_word' id='word_1_164' title='bbox 942 1757 962 1791; x_wconf 84' lang='lat' dir='ltr'>et</span> 
     </span>
     <span class='ocr_line' id='line_1_22' title="bbox 66 1809 966 1872; baseline -0.003 -13"><span class='ocrx_word' id='word_1_165' title='bbox 66 1812 255 1860; x_wconf 86' lang='lat' dir='ltr'>ventusasacie</span> <span class='ocrx_word' id='word_1_166' title='bbox 266 1820 344 1860; x_wconf 85' lang='lat' dir='ltr'>terrae.</span> <span class='ocrx_word' id='word_1_167' title='bbox 532 1809 713 1872; x_wconf 85' lang='lat' dir='ltr'>possessionem</span> <span class='ocrx_word' id='word_1_168' title='bbox 745 1818 814 1858; x_wconf 86' lang='lat' dir='ltr'>tuam</span> <span class='ocrx_word' id='word_1_169' title='bbox 848 1811 966 1857; x_wconf 85' lang='lat' dir='ltr'>terminos</span> 
     </span>
     <span class='ocr_line' id='line_1_23' title="bbox 98 1876 609 1940; baseline -0.004 -16"><span class='ocrx_word' id='word_1_170' title='bbox 98 1877 161 1926; x_wconf 88' lang='lat' dir='ltr'>Ideo</span> <span class='ocrx_word' id='word_1_171' title='bbox 173 1892 225 1926; x_wconf 87' lang='lat' dir='ltr'>non</span> <span class='ocrx_word' id='word_1_172' title='bbox 241 1884 367 1940; x_wconf 82' lang='lat' dir='ltr'>resurgent</span> <span class='ocrx_word' id='word_1_173' title='bbox 386 1876 457 1940; x_wconf 83' lang='lat' dir='ltr'>impii</span> <span class='ocrx_word' id='word_1_174' title='bbox 474 1877 499 1924; x_wconf 90' lang='lat' dir='ltr'>in</span> <span class='ocrx_word' id='word_1_175' title='bbox 532 1884 609 1922; x_wconf 88' lang='lat' dir='ltr'>terrae.</span> 
     </span>
     <span class='ocr_line' id='line_1_24' title="bbox 64 1939 966 2006; baseline -0.001 -16"><span class='ocrx_word' id='word_1_176' title='bbox 64 1941 158 2004; x_wconf 86' lang='lat' dir='ltr'>judicio</span> <span class='ocrx_word' id='word_1_177' title='bbox 179 1961 185 1990; x_wconf 77' lang='lat' dir='ltr'>z</span> <span class='ocrx_word' id='word_1_178' title='bbox 208 1958 289 2006; x_wconf 89' lang='lat' dir='ltr'>neque</span> <span class='ocrx_word' id='word_1_179' title='bbox 311 1951 454 2006; x_wconf 86' lang='lat' dir='ltr'>peccatores</span> <span class='ocrx_word' id='word_1_180' title='bbox 474 1943 499 1990; x_wconf 91' lang='lat' dir='ltr'>in</span> <span class='ocrx_word' id='word_1_181' title='bbox 566 1939 648 2002; x_wconf 81' lang='lat' dir='ltr'>Reges</span> <span class='ocrx_word' id='word_1_182' title='bbox 660 1955 702 1988; x_wconf 84' lang='lat' dir='ltr'>eos</span> <span class='ocrx_word' id='word_1_183' title='bbox 714 1939 740 1987; x_wconf 86' lang='lat' dir='ltr'>iu</span> <span class='ocrx_word' id='word_1_184' title='bbox 752 1940 821 2003; x_wconf 83' lang='lat' dir='ltr'>virga</span> <span class='ocrx_word' id='word_1_185' title='bbox 832 1939 911 1988; x_wconf 85' lang='lat' dir='ltr'>ferrea</span> <span class='ocrx_word' id='word_1_186' title='bbox 923 1959 929 1988; x_wconf 90' lang='lat'><strong>:</strong></span> <span class='ocrx_word' id='word_1_187' title='bbox 942 1950 966 1989; x_wconf 85' lang='lat' dir='ltr'>et</span> 
     </span>
     <span class='ocr_line' id='line_1_25' title="bbox 66 2004 966 2071; baseline -0.004 -15"><span class='ocrx_word' id='word_1_188' title='bbox 66 2008 170 2056; x_wconf 89' lang='lat' dir='ltr'>consilio</span> <span class='ocrx_word' id='word_1_189' title='bbox 178 2007 310 2071; x_wconf 81' lang='lat' dir='ltr'>justorum.</span> <span class='ocrx_word' id='word_1_190' title='bbox 532 2012 651 2068; x_wconf 85' lang='lat' dir='ltr'>tanquam</span> <span class='ocrx_word' id='word_1_191' title='bbox 669 2021 712 2053; x_wconf 87' lang='lat' dir='ltr'>vas</span> <span class='ocrx_word' id='word_1_192' title='bbox 735 2004 804 2067; x_wconf 83' lang='lat' dir='ltr'>figuli</span> <span class='ocrx_word' id='word_1_193' title='bbox 826 2005 966 2069; x_wconf 80' lang='lat' dir='ltr'>confringes</span> 
     </span>
     <span class='ocr_line' id='line_1_26' title="bbox 96 2071 581 2136; baseline -0.006 -15"><span class='ocrx_word' id='word_1_194' title='bbox 96 2071 500 2136; x_wconf 72' lang='lat' dir='ltr'>QuoniamnovitDominusriam</span> <span class='ocrx_word' id='word_1_195' title='bbox 532 2086 581 2118; x_wconf 91' lang='lat' dir='ltr'>eos.</span> 
     </span>
     <span class='ocr_line' id='line_1_27' title="bbox 63 2134 965 2202; baseline -0.003 -16"><span class='ocrx_word' id='word_1_196' title='bbox 63 2136 186 2199; x_wconf 87' lang='lat' dir='ltr'>justorum</span> <span class='ocrx_word' id='word_1_197' title='bbox 209 2156 216 2186; x_wconf 73' lang='grc' dir='ltr'><strong><em>ι</em></strong></span> <span class='ocrx_word' id='word_1_198' title='bbox 239 2146 264 2187; x_wconf 89' lang='lat' dir='ltr'>et</span> <span class='ocrx_word' id='word_1_199' title='bbox 292 2137 338 2186; x_wconf 86' lang='lat' dir='ltr'>iter</span> <span class='ocrx_word' id='word_1_200' title='bbox 365 2138 499 2202; x_wconf 86' lang='lat' dir='ltr'>impiorum</span> <span class='ocrx_word' id='word_1_201' title='bbox 566 2136 598 2183; x_wconf 89' lang='lat' dir='ltr'>Et</span> <span class='ocrx_word' id='word_1_202' title='bbox 623 2151 689 2183; x_wconf 88' lang='lat' dir='ltr'>nunc</span> <span class='ocrx_word' id='word_1_203' title='bbox 711 2151 781 2197; x_wconf 79' lang='lat' dir='ltr'>reges</span> <span class='ocrx_word' id='word_1_204' title='bbox 807 2134 939 2198; x_wconf 82' lang='lat' dir='ltr'>intelligite</span> <span class='ocrx_word' id='word_1_205' title='bbox 960 2155 965 2183; x_wconf 94' lang='lat'><strong>:</strong></span> 
     </span>
     <span class='ocr_line' id='line_1_28' title="bbox 66 2200 954 2275; baseline -0.005 -22"><span class='ocrx_word' id='word_1_206' title='bbox 66 2203 163 2267; x_wconf 84' lang='lat' dir='ltr'>peribit.</span> <span class='ocrx_word' id='word_1_207' title='bbox 532 2201 664 2275; x_wconf 83' lang='lat' dir='ltr'>erudimini</span> <span class='ocrx_word' id='word_1_208' title='bbox 676 2200 719 2264; x_wconf 89' lang='lat' dir='ltr'>qui</span> <span class='ocrx_word' id='word_1_209' title='bbox 728 2200 845 2263; x_wconf 80' lang='lat' dir='ltr'>judicatis</span> <span class='ocrx_word' id='word_1_210' title='bbox 857 2210 954 2249; x_wconf 86' lang='lat' dir='ltr'>terram.</span> 
     </span>
     <span class='ocr_line' id='line_1_29' title="bbox 191 2266 966 2380; baseline -0.003 1"><span class='ocrx_word' id='word_1_211' title='bbox 191 2305 322 2354; x_wconf 60' lang='lat' dir='ltr'>pamas</span> <span class='ocrx_word' id='word_1_212' title='bbox 335 2305 369 2354; x_wconf 81' lang='lat'>11·</span> <span class='ocrx_word' id='word_1_213' title='bbox 532 2266 966 2380; x_wconf 39' lang='grc' dir='ltr'>εἴῗξζζίἷέ[ἒῖῗέἰὲξίῑῗὶὲίζῗὲῗῐθζ</span> 
     </span>
     <span class='ocr_line' id='line_1_30' title="bbox 131 2395 963 2460; baseline -0.005 -13"><span class='ocrx_word' id='word_1_214' title='bbox 131 2395 234 2447; x_wconf 84' lang='lat' dir='ltr'>UARE</span> <span class='ocrx_word' id='word_1_215' title='bbox 263 2395 415 2445; x_wconf 84' lang='lat' dir='ltr'>fremuerunt</span> <span class='ocrx_word' id='word_1_216' title='bbox 440 2411 499 2459; x_wconf 85' lang='lat' dir='ltr'>gen·</span> <span class='ocrx_word' id='word_1_217' title='bbox 565 2395 755 2460; x_wconf 83' lang='lat' dir='ltr'>Apprebendite</span> <span class='ocrx_word' id='word_1_218' title='bbox 797 2396 963 2460; x_wconf 76' lang='lat' dir='ltr'>disprHnam,</span> 
     </span>
     <span class='ocr_line' id='line_1_31' title="bbox 164 2461 976 2528; baseline -0.005 -18"><span class='ocrx_word' id='word_1_219' title='bbox 164 2470 202 2510; x_wconf 90' lang='lat' dir='ltr'>tes</span> <span class='ocrx_word' id='word_1_220' title='bbox 218 2469 263 2510; x_wconf 83' lang='lat' dir='ltr'>:et</span> <span class='ocrx_word' id='word_1_221' title='bbox 277 2461 367 2524; x_wconf 89' lang='lat' dir='ltr'>populi</span> <span class='ocrx_word' id='word_1_222' title='bbox 384 2461 498 2511; x_wconf 84' lang='lat' dir='ltr'>meditati</span> <span class='ocrx_word' id='word_1_223' title='bbox 532 2461 667 2528; x_wconf 83' lang='lat' dir='ltr'>nequando</span> <span class='ocrx_word' id='word_1_224' title='bbox 684 2461 805 2511; x_wconf 77' lang='lat' dir='ltr'>irascatur</span> <span class='ocrx_word' id='word_1_225' title='bbox 820 2462 953 2510; x_wconf 57' lang='lat' dir='ltr'>bammum</span> <span class='ocrx_word' id='word_1_226' title='bbox 964 2479 976 2506; x_wconf 83' lang='lat'>·.</span> 
     </span>
    </p>
   </div>
   <div class='ocr_carea' id='block_1_3' title="bbox 118 2526 875 2649">
    <p class='ocr_par' dir='ltr' id='par_1_3' title="bbox 118 2526 875 2649">
     <span class='ocr_line' id='line_1_32' title="bbox 118 2526 875 2649; baseline 0.004 -77"><span class='ocrx_word' id='word_1_227' title='bbox 118 2533 223 2649; x_wconf 60' lang='lat' dir='ltr'>215sunt</span> <span class='ocrx_word' id='word_1_228' title='bbox 233 2526 340 2577; x_wconf 79' lang='lat' dir='ltr'>mania?</span> <span class='ocrx_word' id='word_1_229' title='bbox 534 2540 560 2582; x_wconf 87' lang='lat' dir='ltr'>et</span> <span class='ocrx_word' id='word_1_230' title='bbox 571 2530 686 2599; x_wconf 83' lang='lat' dir='ltr'>pereatis</span> <span class='ocrx_word' id='word_1_231' title='bbox 697 2529 731 2581; x_wconf 73' lang='lat' dir='ltr'>be</span> <span class='ocrx_word' id='word_1_232' title='bbox 740 2528 875 2594; x_wconf 58' lang='lat' dir='ltr'>uiaiusta.</span> 
     </span>
    </p>
   </div>
   <div class='ocr_carea' id='block_1_4' title="bbox 0 0 1063 3532">
    <p class='ocr_par' dir='ltr' id='par_1_4' title="bbox 0 0 1063 3532">
     <span class='ocr_line' id='line_1_33' title="bbox 0 0 1063 3532; baseline 0 0"><span class='ocrx_word' id='word_1_233' title='bbox 0 0 1063 3532; x_wconf 95' lang='lat' dir='ltr'> </span> 
     </span>
    </p>
   </div>
  </div>
 </body>
</html>
