2116 3532
396 325 400 331 θ
424 249 604 310 domnicatis.

79 387 116 437 tui
133 385 208 436 solius
225 393 262 436 est
278 385 378 435 veniam
393 385 453 434 dare
470 385 511 434 de·
545 386 625 435 cando
648 387 808 436 convertitur.
849 386 887 435 Tu
906 381 967 434 enim

81 451 204 501 lictom'm.
248 452 326 500 Parce
348 451 421 500 nobis
444 466 511 514 ergo,
544 451 684 501 misericors
718 468 745 501 es
779 453 857 512 Deus,
885 451 966 499 plenu

81 518 199 576 Domine,
207 533 281 581 parce
289 516 383 580 populo
391 525 514 580 tuoquem
545 517 742 576 miserationum,
768 516 927 581 Longanimis
944 520 964 560 et

81 583 223 642 redemisti;
244 597 296 630 non
312 582 388 630 intres
405 581 432 629 in
448 581 514 644 judi·
545 582 681 631 miserator.
706 582 962 647 Parcisnobispoenm

81 649 148 697 cium
160 663 216 696 cum
228 647 308 705 nobis,
323 647 366 710 qui
377 646 434 694 vilis
450 654 516 695 terra
545 648 698 696 merentibus
705 665 713 707 ;
727 647 761 695 Et
772 648 849 697 etiam
859 648 928 696 iratus
933 658 962 692 re·

81 730 173 772 sumus,
200 719 224 761 et
246 712 330 760 miseri
358 719 516 776 peccatores;
546 712 869 762 cordarismisericordiam.
901 712 963 760 Parce

81 779 125 827 sed
148 779 183 826 ita
205 778 269 826 iram
291 784 360 825 tuam
382 785 479 825 avertas
501 792 516 824 a
546 777 642 841 populo
668 784 719 836 tuo,
745 794 828 842 parce,
854 776 962 829 nominer

83 844 163 901 nobis,
195 842 375 906 turpitudinem
405 850 515 889 nostram
548 843 582 890 Et
601 858 633 890 ne
652 842 696 891 des
719 842 889 892 haereditatem
909 850 961 890 tum

82 909 209 957 humiliter
218 907 417 970 agnoscentibus,
429 914 454 954 et
466 907 516 954 cul·
547 907 573 956 in
596 908 766 971 opprobrium.
805 908 901 957 Exaudi
919 920 960 961 ποῦ,

83 990 128 1038 pas
151 981 247 1021 nostras
266 989 297 1021 ex
316 972 400 1020 animo
424 970 516 1020 deflen·
548 972 666 1032 Domine,
680 973 740 1036 quia
755 989 849 1037 magna
860 980 896 1023 est
906 971 962 1021 misr·

84 1041 157 1097 tibus,
177 1045 200 1087 et
217 1038 253 1085 ita
269 1037 296 1086 in
312 1037 362 1085 hoc
378 1037 469 1085 saeculo
484 1035 516 1084 ad
548 1038 655 1086 ricordia
683 1044 745 1087 tua:
779 1039 813 1087 Et
846 1037 962 1088 secundun

84 1103 253 1168 adjuvandum
280 1118 326 1150 nos
354 1101 462 1161 festines,
490 1109 518 1149 ut
548 1103 963 1153 multitudinemmiserationumtnu·

84 1170 111 1218 in
128 1169 210 1217 futuro
230 1175 313 1216 tecum
336 1183 434 1230 semper
449 1166 517 1215 viva·
549 1184 603 1216 rum
618 1168 712 1233 respice
723 1185 776 1218 nos.
816 1170 917 1234 Propter
925 1182 964 1216 me·

86 1250 147 1282 mus.
201 1234 249 1282 Per
274 1233 360 1296 Jesum
390 1231 517 1280 Christum
549 1233 596 1282 rita
611 1234 736 1282 benedicti
749 1234 809 1283 Filii
827 1235 871 1294 tui,
886 1231 964 1282 Medin-

86 1299 224 1347 Dominum
235 1306 354 1347 nostrum.
391 1299 481 1346 Amen.
549 1299 609 1347 toris
634 1306 659 1346 et
682 1299 788 1347 Domini
813 1300 898 1359 nostri,
919 1298 965 1363 Jest

551 1363 651 1412 Christi.
691 1364 782 1413 Amen.

84 1429 184 1489 Deinde
200 1428 308 1494 populus
325 1427 393 1493 quod
409 1426 519 1492 sequiter

123 1497 199 1556 dicat,
212 1501 339 1560 praeeunte
352 1493 476 1543 Ministro.
566 1491 667 1542 Deinde
681 1491 749 1541 solus
762 1491 830 1540 dicat
842 1490 954 1547 Minister,

147 1599 322 1649 ONVERTE
333 1615 387 1659 nos,
398 1598 517 1657 Domine,
557 1594 804 1721 BENEDICAT
830 1596 903 1645 nobis
927 1594 968 1643 Do

179 1673 204 1714 et
216 1672 394 1714 convertemur.
432 1664 519 1727 Propi·
643 1661 732 1721 minus,
747 1668 772 1710 et
783 1661 906 1710 custodiat
920 1673 968 1708 nos:

87 1732 135 1780 tius
163 1739 224 1789 esto,
251 1731 368 1788 Domine,
394 1729 520 1793 Propitius
551 1734 678 1776 convertat
718 1727 845 1775 Dominus
887 1725 968 1775 ruitum

87 1805 140 1845 esto
157 1796 251 1860 populo
268 1802 319 1856 tuo,
335 1795 385 1858 Qui
402 1795 434 1843 ad
452 1804 477 1843 te
494 1794 520 1841 in
551 1809 622 1841 suum
642 1807 716 1855 super
734 1808 788 1850 nos,
808 1802 833 1841 et
852 1792 895 1842 det
911 1788 969 1839 nobis

88 1862 154 1922 fletu,
174 1862 200 1910 in
218 1860 321 1925 jejunio,
341 1868 365 1910 et
383 1860 409 1908 in
426 1859 519 1924 suppli·
551 1873 639 1922 pacem
650 1872 716 1906 nunc
728 1866 753 1906 et
763 1873 870 1922 semper.
892 1859 966 1907 Amen.
