2116 3532
58 292 120 339 nas
133 288 252 337 ,ervr
352 266 355 270 “
452 280 562 348 psalmi.
837 281 954 330 sarva.

60 435 135 474 tuum
148 432 173 474 et
185 425 279 473 exitum
294 431 364 472 tuum
379 441 385 470 ε
402 437 432 470 ex
448 421 497 469 hoc
529 421 645 469 miserere
662 419 739 467 nostri
755 437 761 467 ε
778 419 837 483 quia
853 419 960 467 multum

61 508 141 550 nunc,
157 499 181 539 et
193 506 272 554 usque
282 490 308 538 in
320 487 445 537 seculum.
530 486 617 549 repleti
629 501 713 533 sumus
725 485 885 548 despectione
898 504 903 533 :

563 551 631 613 Quia
657 550 764 598 multum
798 551 891 614 repleta
925 557 961 598 est

531 616 615 664 anima
659 624 751 675 nostra,
799 617 961 679 opprobrium

155 682 285 729 PSALMUS
298 679 410 729 CXXII.
531 681 715 730 abundantibus
747 699 753 730 :
782 689 806 729 et
834 682 961 744 despectio

116 781 500 845 AETATUSsuminhis‚quae
532 747 651 811 superus.

110 888 128 911 A
171 850 238 897 dicta
250 857 306 897 sunt
318 848 380 896 mihi
396 848 441 896 :in
456 848 500 894 do-

66 906 139 964 mum
152 915 256 963 Domini
269 915 366 962 ibimus.
472 977 477 987 Ι
616 938 747 985 PSALMUS
761 936 876 985 CXXIV

101 982 204 1030 Stantes
222 988 290 1028 erant
308 979 385 1042 pedes
402 986 501 1026 nostri:
879 975 884 986 '

67 1047 95 1095 in
106 1047 176 1094 atriis
188 1046 236 1093 tuis
250 1045 415 1092 Hierusalem.
600 1048 648 1097 ISI
666 1048 725 1111 quia
738 1046 862 1095 Dominus
874 1052 925 1092 erat
938 1045 964 1091 iu

104 1111 264 1160 Hierusalem
287 1126 343 1173 quae
366 1108 503 1157 aedificatur
535 1128 552 1180 p
627 1113 708 1172 nobis,
719 1113 786 1160 dicat
795 1127 860 1159 nunc
870 1111 965 1157 lsrael:

69 1185 98 1226 ut
118 1177 206 1225 civitas
229 1195 235 1224 ι
255 1175 324 1238 cujus
344 1174 502 1238 participatio
536 1179 584 1227 nisi
601 1179 661 1242 quia
673 1179 798 1226 Dominus
810 1185 862 1226 erat
879 1175 904 1223 in
922 1192 965 1223 no-

70 1243 124 1307 ejus
136 1243 163 1290 in
176 1242 283 1304 idipsum
297 1259 303 1288 :
536 1245 575 1292 bis
589 1263 595 1292 z

104 1308 170 1356 Illuc
188 1307 254 1355 enim
278 1305 440 1353 ascenderunt
461 1304 503 1351 tri·
570 1309 635 1359 Cum
663 1314 821 1371 exsurgerent
854 1306 967 1354 homines

71 1375 127 1432 bus
142 1373 221 1421 tribus
240 1371 344 1419 Domini
366 1388 372 1418 τ
393 1371 502 1418 testimo‘·
537 1375 562 1422 in
574 1391 620 1422 nos
636 1374 716 1423 :sorte
725 1375 794 1421 vivos
807 1373 967 1436 deglutissent

73 1440 145 1488 nium
169 1437 245 1485 Isra'e'l
273 1437 306 1484 ad
334 1435 503 1484 confitendum
537 1456 602 1488 nos:

74 1504 181 1553 Nomini
193 1502 305 1550 Domini.
571 1506 637 1554 Cum
649 1505 793 1553 irasceretur
804 1504 871 1552 suror
883 1518 968 1550 eorum

107 1570 176 1632 Quia
192 1568 243 1616 illic
256 1568 372 1616 sederunt
389 1566 460 1614 sedes
480 1565 505 1612 in
537 1572 562 1620 in
581 1587 626 1619 nos
650 1589 656 1619 ι
677 1571 780 1619 forsitan
799 1571 864 1632 aqua
883 1569 967 1615 absor-

71 1635 168 1699 judicio
192 1652 198 1682 :
218 1633 289 1681 sedes
307 1648 381 1696 super
403 1632 506 1679 domum
538 1637 631 1685 buisset
643 1652 695 1685 nos,

75 1700 168 1748 David.
572 1703 719 1750 Torrentem
740 1699 896 1764 pertransivit
919 1698 970 1745 ani·

108 1767 208 1828 Rogate
224 1779 279 1827 quae.
296 1764 329 1810 ad
346 1778 433 1826 pacem
451 1770 507 1809 sunt
538 1783 579 1814 ma
597 1775 681 1815 nostra
706 1785 712 1815 ε
731 1765 834 1814 forsitan
858 1773 969 1828 pertran-

77 1831 236 1879 Hierusalem
253 1836 295 1877 :et
306 1828 459 1876 abundantia
470 1827 507 1874 di·
539 1833 610 1880 sisset
626 1833 709 1879 anima
725 1840 809 1879 nostra
826 1846 917 1894 aquam
935 1830 971 1875 in-

76 1896 211 1960 ligentibus
223 1902 255 1942 te.
541 1898 704 1946 tolerabilem.

111 1962 168 2009 Fiat
185 1976 235 2024 pax
251 1960 277 2007 in
294 1959 385 2007 virtute
403 1966 444 2006 tua
461 1978 466 2008 :
484 1968 508 2007 et
575 1963 722 2010 Benedictus
732 1961 862 2018 Dominus,
871 1960 971 2022 quinon

77 2025 232 2075 abundantia
244 2025 269 2071 in
281 2025 388 2072 turribus
400 2025 455 2072 tuis.
541 2028 610 2076 dedit
622 2044 667 2075 nos
683 2046 688 2076 :
700 2028 726 2075 in
739 2027 878 2090 captionem
892 2025 971 2072 denti-

112 2093 218 2155 Propter
226 2089 387 2138 iratresmeos
395 2098 418 2137 et
429 2089 509 2152 proxi·
542 2094 588 2141 bus
600 2108 693 2142 eorum.

78 2174 132 2206 mos
143 2172 215 2204 meos
230 2154 368 2218 :loquebar
379 2170 466 2218 pacem
478 2156 510 2202 de
575 2159 670 2205 Anima
691 2165 776 2205 nostra
799 2156 861 2204 sicut
889 2171 973 2218 passer

79 2233 122 2272 te:
543 2232 628 2286 erepta
645 2231 681 2271 est
703 2223 758 2272 :de
776 2222 864 2285 laqueo
882 2236 973 2268 venan-

111 2289 220 2350 Propter
231 2286 334 2333 domum
343 2285 449 2333 Domini
462 2285 510 2333 Dei
543 2289 605 2337 tium
618 2307 624 2336 2

79 2353 159 2403 nostri
174 2371 180 2401 :
193 2352 295 2415 quaesivi
307 2352 373 2399 bona
384 2351 438 2399 tibi.
577 2355 692 2417 Laqueus
715 2353 835 2400 contritus
858 2359 894 2399 est
921 2369 926 2398 :
950 2358 974 2398 et

543 2435 589 2466 nos
601 2418 698 2466 liberati
711 2434 802 2466 sumus.

578 2484 738 2546 Adjutorium
750 2492 863 2531 nostrum
880 2482 906 2528 in
921 2482 974 2528 No-

159 2543 290 2590 PSALMUS
304 2541 432 2590 CXXIII·
544 2549 612 2597 mine
624 2549 729 2596 Domini
743 2567 749 2597 :
762 2549 804 2612 qui
814 2548 871 2596 fecit
884 2547 975 2594 coelum

128 2651 155 2698 D
179 2657 204 2697 te
222 2649 302 2697 levavi
319 2648 405 2696 oculos
422 2663 512 2694 meos:
545 2622 570 2662 et
582 2622 679 2662 lessam·

76 2746 89 2776 Α
181 2715 224 2778 qui
236 2714 334 2762 habitas
346 2713 371 2761 in
383 2713 459 2760 coelis.

114 2782 182 2829 Ecce
201 2782 264 2827 sicut
282 2779 347 2827 oculi
366 2793 514 2826 servorum:
636 2805 765 2852 Pssrnus
779 2804 880 2852 CXXV

80 2850 107 2895 in
130 2845 247 2894 m'anibus
275 2844 434 2891 dominorum
458 2858 514 2890 suo·
881 2841 886 2852 ⁸

82 2927 137 2960 rum
151 2929 157 2959 :
622 2908 661 2956 UI
677 2906 806 2956 confidunt
817 2907 842 2954 in
856 2905 975 2964 Domino,

116 2977 189 3026 Sicut
201 2974 267 3023 oculi
279 2973 376 3022 ancillae
393 2973 418 3021 in
435 2973 514 3020 mani·
549 2916 613 3068 Q
652 2973 715 3021 sicut
733 2988 804 3020 mons
823 2973 883 3020 Sion
906 2987 978 3019 :non

81 3043 129 3091 bus
149 3035 259 3089 dominae
282 3056 332 3088 suae
358 3057 364 3087 ε
393 3039 427 3086 ita
450 3038 514 3086 oculi
619 3037 621 3043 '
655 3037 853 3086 commovebitur
868 3039 893 3083 in
911 3045 979 3083 neter-

82 3106 161 3156 nostri
172 3106 205 3154 ad
218 3105 356 3153 Dominum
367 3105 450 3152 Deum
460 3120 516 3152 nos·
550 3119 610 3151 num
619 3104 661 3166 qui
671 3103 800 3150 habitatin
810 3101 976 3149 Hierusalem.

83 3183 157 3230 trum,
172 3171 200 3219 d(
223 3206 227 3215 .
265 3171 409 3218 misereatur
419 3170 505 3218 nostri.
560 3209 562 3215 .
584 3169 689 3218 Montes
707 3168 738 3216 in
756 3167 867 3216 ductum
884 3166 950 3226 evus„
967 3174 996 3209 et

113 3237 233 3283 Miserere
265 3235 351 3297 nostri,
390 3236 513 3298 Domine,
553 3236 686 3287 Dominus
693 3227 998 3296 incircuuupoputxsdx
1006 3242 1018 3269 ι

134 3309 188 3359 3⁰3
