2116 3532
57 276 122 325 Dia
132 276 211 326 XVI.
455 273 566 342 ltsaIml.
835 280 954 329 Adrtlat.

64 413 143 462 minis
156 413 201 472 tui,
216 412 333 472 Domine,
348 412 427 462 libera
438 427 501 462 nos:
566 411 674 460 Posuisti
691 428 737 461 nos
752 412 778 461 in
791 414 963 462 contradictio-

65 486 90 528 et
106 479 232 543 propitius
249 487 302 528 esto
319 478 427 542 peccatis
444 493 501 527 uos·
532 493 590 526 nem
602 478 689 526 vicinis
706 479 817 527 nostris:
834 488 857 527 et
870 480 963 528 inimici

65 544 118 603 triS,
134 551 238 608 propter
249 544 350 592 Nomen
360 551 448 592 tuum:
532 543 610 591 nostri
622 543 834 592 subsannaverunt
847 562 898 593 nos.

100 610 143 658 Ne
155 609 218 657 sorte
235 609 319 657 dicant
331 610 357 657 in
373 608 497 672 gentibus,
566 609 635 656 Deus
643 609 769 668 virtutum,
779 620 895 658 converte
904 626 964 659 nos:

67 675 121 725 Ubi
133 683 171 724 est
183 675 253 723 Deus
269 675 374 722 eorum?
390 682 415 722 et
428 673 499 722 inno·
532 680 556 721 et
569 674 672 722 ostende
680 673 770 730 faciem
782 683 858 735 tuam,
869 683 893 723 et
902 676 963 724 salvi

65 747 145 789 tescat
180 741 207 788 in
238 739 381 788 nationibus
416 754 500 788 coram
532 739 629 788 erimus.

66 806 147 855 oculis
158 805 256 865 nostris,
565 803 671 852 Vineam
686 804 718 852 de
733 804 845 867 AEgypto
857 813 961 854 transtu·

99 871 173 921 Ultio
209 869 335 934 sanguinis
373 885 499 918 servorum
531 869 602 918 listi:
626 869 720 932 ejecisti
736 880 830 933 gentes,
850 879 874 918 et
892 872 962 934 plan·

67 943 174 995 tuorum,
198 936 240 999 qui
261 936 351 984 effusus
373 943 410 984 est
431 951 436 985 :
462 935 499 983 in·
531 935 664 983 tastieam.

67 1009 146 1050 troeat
158 1001 184 1049 in
197 1009 331 1064 conspectu
338 1008 382 1049 tuo
392 1001 499 1064 gemitus
564 1001 624 1048 Dux
648 1000 742 1049 itineris
764 1000 823 1049 fuis
824 1001 832 1048 i
855 1001 881 1049 in
904 1018 962 1050 con-

68 1066 274 1130 compeditorum.
530 1075 606 1129 pectu
628 1065 709 1129 ejus:
733 1066 851 1130 plantasti
833 1068 963 1116 tradices

97 1131 243 1181 Secundum
300 1130 499 1194 magnitudinem
530 1131 590 1194 ejus,
606 1139 630 1180 et
642 1131 755 1196 implevr
767 1141 863 1180 terram.

66 1195 161 1245 brachii
173 1197 229 1244 tui:
246 1197 346 1260 posside
358 1196 422 1245 filios
434 1213 498 1246 mor·
564 1196 671 1260 Operuit
682 1205 781 1246 montes
792 1198 913 1245 umbra
892 1214 961 1260 eJus:

66 1262 223 1310 tificatorum
530 1269 555 1310 et
567 1262 700 1310 arbusta'
679 1279 700 1324 eJ
703 1279 731 1310 us
743 1263 829 1311 cedros
842 1264 898 1312 Dei

97 1328 132 1375 Et
144 1327 256 1376 redde
233 1327 321 1375 vicinis
338 1327 428 1375 nostris
443 1343 498 1391 sep·
564 1328 682 1375 Extendit
692 1328 807 1391 palmites
816 1345 873 1376 suos
885 1346 963 1393 usque

67 1393 183 1457 tuplum
177 1408 203 1440 ιιι
215 1408 270 1440 srnu
281 1408 389 1441 eorum
406 1393 498 1456 impro-
530 1391 562 1439 ad
574 1408 666 1441 mare
683 1403 708 1441 et
708 1409 802 1466 usque
819 1394 851 1441 ad
869 1395 962 1444 flumen

67 1459 163 1521 perium
183 1458 302 1521 ipsorum,
323 1457 390 1521 quod
411 1474 498 1522 expro-
531 1458 680 1521 propagines
692 1457 751 1520 ejus.

66 1523 199 1572 braverunt
211 1523 265 1582 t1b1,
281 1523 397 1571 Domine.
566 1523 602 1571 Ut
630 1523 690 1586 quid
713 1523 854 1571 destruxisti
882 1540 963 1573 mace·

96 1588 155 1637 Nos
172 1596 256 1636 autem
273 1589 380 1652 populus
396 1596 460 1647 tuus,
474 1596 499 1637 et
530 1587 592 1635 riam
607 1587 682 1650 ejus:
700 1597 725 1636 et
736 1589 889 1637 vindemiant
907 1606 962 1637 eanr

64 1669 125 1704 oves
138 1661 313 1718 pascuaetuae:
325 1652 499 1702 confitebimur
530 1668 625 1711 omnes,
656 1653 699 1717 qui
729 1655 963 1718 praetergrediuntur

64 1719 129 1768 tibi
122 1735 149 1767 m
162 1719 288 1767 saeculum
530 1717 617 1766 viam?

96 1785 128 1833 In
149 1784 336 1848 generationem
353 1790 378 1832 et
397 1799 498 1846 genera·
564 1782 746 1831 Exterminavit
769 1799 824 1831 earn
847 1800 907 1846 aper
929 1786 962 1833 de

61 1850 160 1899 tionem
173 1867 179 1898 ε
190 1849 392 1907 annuntiabimus
399 1849 499 1898 laudern
530 1848 594 1896 silva
613 1866 619 1896 ε
638 1855 662 1896 et
685 1848 815 1911 singularis
835 1849 900 1898 serus
919 1851 961 1899 de·

61 1923 141 1965 tuam.
530 1921 616 1978 pastus
628 1920 664 1962 est
676 1929 738 1962 earn.

564 1979 633 2027 Deus
652 1979 779 2038 virtutum,
801 1988 962 2028 convertere:

156 2061 287 2110 PsnLMus
299 2060 405 2111 LXXX·
529 2044 637 2118 respice
649 2043 681 2092 de
704 2045 776 2102 coelo,
799 2052 824 2093 et
849 2046 961 2106 videet

530 2109 604 2157 visita
614 2109 713 2156 vineam
725 2110 805 2159 istam.

136 2175 178 2225 UI
195 2175 259 2238 regis
276 2175 361 2234 Isra'e'l,
380 2175 498 2224 intende:
563 2175 597 2222 Et
611 2173 703 2238 perfice
720 2191 783 2233 eam,
799 2192 874 2239 quum
891 2177 962 2240 plan·

52 2177 120 2333 Q
169 2241 212 2305 qui
228 2240 331 2289 deducis
341 2241 410 2289 velut
426 2257 498 2290 ovem
530 2240 592 2288 tavit
615 2240 717 2288 dextera
744 2249 813 2288 tua:
837 2252 861 2290 et
889 2258 963 2305 super

166 2306 269 2369 Joseph.
530 2305 609 2353 filium
631 2305 749 2366 hominis,
775 2322 849 2370 quern
873 2307 961 2355 confir·

96 2371 150 2434 Qui
168 2371 239 2420 sedes
259 2386 332 2435 super
350 2370 498 2420 cherubim:
530 2371 603 2418 masti
614 2370 667 2419 tibi.

60 2436 223 2486 manifestare
252 2453 336 2485 eoram
365 2436 495 2500 Ephraim,
563 2437 669 2484 Incensa
681 2435 740 2499 igni,
756 2443 780 2484 et
792 2437 895 2484 suffossa
910 2455 916 2485 ε
930 2439 961 2485 ab

62 2502 206 2566 BenJamin,
221 2503 381 2551 etManasse.
529 2500 699 2564 increpatione
723 2501 806 2550 vultus
834 2502 870 2550 tui
899 2505 962 2566 peri-

97 2567 189 2616 Excita
210 2569 348 2630 potentiam
371 2575 448 2626 tuam,
473 2575 498 2616 et
529 2567 599 2615 bunt.

62 2634 120 2683 veni
134 2650 140 2682 :
154 2639 180 2680 ut
192 2632 273 2681 salvos
286 2633 360 2681 iacias
371 2648 425 2680 nos.
563 2633 620 2680 Fiat
636 2647 724 2679 manus
741 2638 784 2680 tua
798 2648 872 2695 super
882 2633 962 2680 vimm

96 2699 177 2757 Deus,
197 2707 314 2746 converte
331 2714 399 2746 nos:
417 2704 441 2746 et
458 2713 497 2745 os·
529 2696 637 2745 dexterae
655 2704 704 2745 tuae
724 2715 730 2745 ι
750 2705 775 2744 et
792 2713 866 2760 super
883 2697 961 2746 filium

63 2764 140 2813 tende
166 2762 255 2811 faciem
280 2770 356 2822 tuam,
382 2771 407 2811 et
435 2763 497 2811 salvi
529 2761 638 2810 hominis
650 2778 725 2825 quem
743 2761 894 2810 confinnasti
906 2764 959 2811 tibi.

63 2829 163 2878 erimus
563 2828 597 2875 Et
623 2843 675 2875 non
704 2827 854 2875 discedimus
882 2845 896 2874 a
919 2836 944 2876 te
956 2847 963 2887 ;

97 2894 209 2943 Domine
246 2894 315 2941 Deus
350 2893 496 2942 virtutum:
530 2892 667 2940 vrvrficabrs
675 2908 738 2940 nos
750 2901 774 2940 et
782 2892 884 2941 Nomen
893 2903 963 2941 tuum

63 2975 195 3024 quousque
216 2958 327 3006 irasceris
348 2974 423 3022 super
442 2975 496 3007 ora·
529 2957 708 3005 invocabimus.

64 3026 159 3074 tionem
171 3023 236 3072 servi
248 3024 302 3072 tui?
564 3023 673 3070 Domine
686 3022 789 3070 Deus
766 3030 892 3080 virtutum,
904 3040 961 3071 con·

96 3089 201 3138 Cibabis
223 3104 270 3137 nos
291 3104 356 3152 pane
374 3087 495 3151 lacryma·
529 3096 597 3136 verte
617 3103 687 3135 nos·
705 3098 729 3135 et
750 3088 853 3137 ostende
873 3089 961 3137 faciem

137 3163 186 3202 :et
201 3162 289 3217 potum
300 3153 371 3202 dabis
384 3155 476 3204 nobis
470 3170 496 3203 ιιι
530 3160 609 3216 tuam,
621 3161 647 3204 et
657 3152 722 3203 salui
732 3155 835 3202 erimus

62 3219 198 3280 lacrymis'
187 3235 213 3265 ιιι
224 3221 359 3269 mensura?

118 3281 170 3343 269
