2116 3532
67 281 220 333 DieleV.
455 277 564 346 {tantm
846 283 965 333 adorat.

68 420 190 471 raturam,
210 410 319 460 introibo
336 409 362 458 in
380 409 504 474 potentias
571 409 714 474 Suscipiunt
747 416 846 459 montes
879 424 967 473 pacem

70 477 179 527 Domini
197 494 203 525 τ
221 476 337 536 Domine,
348 476 506 524 memorabor
537 477 633 539 populo
649 484 691 524 :et
702 475 778 524 colles
787 475 916 538 justitiam.

65 543 175 608 justitiae
187 550 235 590 tuae
247 541 329 590 solius.
568 541 695 605 Judicabit
723 557 844 605 pauperes
870 540 966 604 populi,

103 610 185 666 Deus,
194 606 301 655 docuisti
309 622 372 655 mea
377 606 507 670 juventute
539 615 563 655 et
586 607 666 655 salvos
689 607 762 655 saciet
789 607 853 655 filios
876 622 969 669 paupe-

69 689 128 722 mea
149 690 156 721 t
174 681 198 721 et
216 688 293 736 usque
313 687 380 720 nunc
397 686 505 735 pronun·
539 688 593 719 rum
609 690 615 720 z
632 680 657 721 et
673 672 816 720 humiliabit
833 672 968 720 calumnia·

69 739 142 788 tiabo
156 738 280 786 mirabilia
292 745 340 785 tua.
539 747 625 786 torem.

105 804 139 852 Et
170 818 247 866 usque
275 803 300 849 in
328 809 453 850 senectam
481 809 506 849 et
571 803 604 851 Et
624 802 781 866 permanebit
800 818 856 850 cum
874 801 927 850 sole
943 809 968 850 et

69 870 170 918 senium
188 886 195 916 ε
213 868 291 927 Deus,
306 884 337 916 ne
349 867 505 930 derelinquas
537 876 595 916 ante
606 868 691 916 lunam
707 886 713 916 ε
731 869 756 916 in
771 868 932 931 generatione
944 875 968 916 et

70 951 127 984 me:
536 935 729 996 generationem.

104 1001 196 1048 Donec
213 998 357 1046 annuntiem
375 997 504 1046 brachium
571 999 713 1047 Descendet
735 1001 798 1047 sicut
820 998 918 1062 pluvias
941 998 967 1045 in

70 1073 142 1114 tuum
164 1082 170 1113 :
189 1064 343 1127 generationi
364 1064 432 1111 omni
449 1078 505 1127 quae
536 1063 615 1112 vellus
631 1073 676 1112 :et
693 1064 756 1112 sicut
774 1063 900 1112 stillicidia
917 1063 968 1112 stil-

71 1139 177 1180 ventura
190 1137 242 1177 est:
537 1127 614 1177 lantia
626 1145 699 1192 super
711 1138 809 1177 terram.

105 1195 248 1244 Potentiam
260 1201 329 1242 tuam
350 1202 374 1242 et
383 1193 505 1256 justitiam
570 1194 670 1243 Orietur
683 1195 709 1242 in
725 1195 813 1242 diebus
830 1194 882 1256 ejus
897 1194 968 1256 justi·

71 1270 150 1320 tuam,
164 1261 240 1319 Deus,
250 1276 328 1323 usque
339 1259 365 1306 in
375 1259 502 1316 altissima,
537 1259 579 1318 tia,
592 1268 616 1308 et
627 1260 780 1308 abundantia
789 1261 857 1324 pacis
870 1278 876 1308 ε
888 1261 969 1308 donec

72 1343 128 1391 quae
152 1325 230 1374 fecisti
250 1325 375 1388 magnalia
398 1342 404 1372 :
426 1324 503 1384 DeuS,
537 1325 662 1373 auferatur
672 1325 740 1374 luna.

71 1393 128 1456 quis
139 1391 227 1439 similis
240 1391 305 1439 tibi?
421 1442 424 1447 ,
571 1391 604 1438 Et
615 1391 785 1439 dominabitur
796 1391 969 1453 amariusque

105 1458 220 1520 Quantas
235 1455 367 1504 ostendisti
384 1454 446 1502 mihi
462 1453 504 1502 tri·
537 1456 569 1504 ad
589 1472 678 1504 mare:
696 1464 721 1504 et
739 1472 754 1503 a
770 1454 872 1504 flumine
891 1472 969 1519 usque

72 1523 214 1572 bulationes
225 1521 316 1569 multas
328 1529 353 1569 et
364 1521 443 1568 malas
455 1536 461 1579 3
479 1528 504 1568 et
537 1522 568 1569 ad
581 1522 699 1570 terminos
712 1521 778 1569 orbis
790 1528 915 1569 terrarum.

73 1603 206 1637 conversus
216 1586 348 1635 vivificasti
359 1602 400 1634 me
415 1604 421 1634 ε
433 1593 458 1633 et
471 1584 504 1633 de
570 1587 661 1634 Coram
674 1587 718 1634 illo
730 1586 859 1650 procident
869 1586 967 1634 AEthio·

73 1654 167 1717 abyssis
187 1661 258 1701 terrae
278 1653 367 1700 iterum
386 1650 504 1699 reduxisti
536 1667 580 1716 pes
607 1669 613 1700 :
636 1660 660 1700 et
682 1652 776 1700 inimici
800 1651 852 1714 ejus
876 1659 965 1700 terram

74 1734 119 1768 me.
536 1718 639 1780 lingent.

105 1782 281 1847 Multiplicasti
293 1779 504 1844 magnificentiam
571 1784 652 1846 Reges
664 1782 766 1831 Tharais
778 1788 802 1830 et
815 1782 901 1830 insulae
914 1798 966 1829 mu·

74 1863 141 1898 tuam
157 1866 163 1897 :
179 1857 204 1897 et
220 1863 352 1896 conversus
364 1847 505 1895 consolatus
536 1863 595 1896 nera
615 1849 717 1896 offerent
738 1864 744 1896 ι
765 1864 834 1910 reges
854 1848 968 1895 Arabum

73 1930 98 1964 es
109 1930 157 1963 me.
536 1922 561 1962 et
574 1914 642 1961 Saba
653 1914 720 1961 dona
731 1913 862 1961 adducent.

104 1981 176 2028 Nam
194 1986 218 2028 et
236 1995 284 2042 ego
303 1976 441 2026 confitebor
458 1977 505 2025 tibi
569 1979 602 2026 Et
629 1976 768 2027 adorabunt
797 1994 853 2026 eum
882 1993 968 2026 omnes

73 2046 98 2094 in
126 2045 193 2094 vasis
221 2043 312 2108 psalmi
340 2061 346 2091 z
374 2043 504 2091 veritatem
537 2059 606 2107 reges
618 2051 689 2092 terrae
705 2059 810 2092 :omnes
821 2051 907 2106 gentes
919 2059 968 2091 scr·

73 2120 149 2170 tuam,
165 2111 236 2158 Deus
248 2127 255 2169 3
280 2108 386 2173 psallam
409 2109 455 2156 tibi
479 2108 505 2155 in
536 2109 603 2157 vient
615 2109 645 2158 ei.

72 2177 176 2234 cithara,
191 2184 289 2223 sanctus
303 2173 387 2222 lsrael.
570 2175 637 2237 Quia
658 2173 774 2222 liberabit
797 2189 931 2238 pauperem
954 2188 969 2220 a

104 2241 274 2291 Exsultabunt
291 2240 358 2287 labia
375 2254 431 2287 mea
448 2253 505 2286 cum
537 2247 640 2304 potente
655 2256 660 2288 :
674 2247 698 2287 et
714 2255 849 2303 pauperem
862 2239 901 2287 cui
917 2255 968 2286 non

72 2316 207 2357 cantavero
225 2306 288 2364 tibi;
308 2312 332 2353 et
350 2305 433 2352 anima
450 2319 507 2352 mea
538 2314 590 2354 erat
602 2305 707 2368 adjutor.

72 2389 150 2439 quam
163 2371 297 2420 redemisti.
571 2371 659 2418 Parcet
677 2369 781 2433 pauperi
798 2375 822 2417 et
840 2369 909 2432 inopi
926 2381 968 2416 :et

105 2438 158 2488 Sed
179 2445 203 2485 et
221 2436 307 2498 lingua
323 2450 379 2482 mea
396 2440 449 2482 tota
465 2433 507 2482 die
538 2436 633 2483 animas
645 2451 782 2499 pauperum
794 2435 874 2482 salvas
886 2435 966 2482 saciet.

71 2503 236 2553 meditabitur
260 2501 383 2564 justitiam
405 2508 473 2547 tuam
500 2516 506 2547 ε
572 2501 611 2548 Ex
634 2501 712 2548 usuris
736 2508 760 2548 et
782 2500 914 2563 iniquitate
932 2515 968 2547 re·

71 2586 129 2619 cum
146 2566 244 2616 confusi
261 2574 285 2614 et
301 2565 399 2614 reveriti
416 2565 506 2612 suerint
538 2566 616 2614 dimet
628 2566 722 2613 animas
734 2581 819 2613 eorum
835 2572 878 2612 :et
890 2565 968 2612 hono·

71 2636 114 2700 qui
127 2640 245 2698 quaerunt
257 2631 324 2679 mala
335 2631 404 2679 mihi.
537 2632 616 2679 rabile
627 2647 718 2678 nomen
728 2646 813 2678 corum
824 2646 906 2678 coram
916 2630 966 2678 illo.

572 2697 605 2744 Et
627 2696 694 2744 vivet
722 2704 747 2743 et
769 2695 870 2742 dabitur
892 2695 914 2742 ei
937 2696 969 2743 de

163 2792 293 2840 PsALMUs
305 2789 406 2838 LXXII
538 2777 599 2810 auro
611 2761 712 2809 Arabiae
728 2779 734 2809 ε
747 2767 771 2809 et
783 2760 922 2808 adorabunt
938 2760 970 2808 (le

410 2827 416 2839 ’
539 2827 594 2890 ipso
610 2842 723 2890 semper3
741 2832 794 2874 tota
810 2826 852 2874 die
869 2825 970 2874 benedi·

145 2894 225 2954 EUS,
235 2892 357 2956 judicium
365 2899 434 2940 tuum
443 2891 508 2954 Regi
539 2899 596 2941 cent
608 2892 638 2940 ei.

177 2960 212 3007 da
233 2977 239 3007 :
257 2965 281 3006 et
298 2957 420 3021 justitiam
439 2966 507 3005 tuam
573 2958 605 3005 Et
618 2957 663 3005 erit
675 2955 857 3004 firmamentum
868 2955 893 3003 in
906 2963 970 3003 terra

75 3025 142 3074 Filio
155 3025 234 3088 Regis
247 3042 253 3072 :
539 3023 565 3071 in
579 3022 682 3070 summis
699 3024 838 3081 montium3
855 3037 970 3084 superex-

105 3091 225 3154 Judicare
244 3088 366 3153 populum
389 3095 459 3137 tuum
482 3088 508 3136 in
539 3088 640 3137 tolletur
651 3103 725 3150 super
736 3087 862 3134 Libanum
879 3087 971 3134 smctus

71 3157 169 3221 justitia
191 3173 197 3204 τ
218 3163 243 3204 et
263 3170 386 3218 pauperes
406 3161 462 3204 tuos
481 3154 508 3203 in
541 3153 594 3219 ejus
615 3160 664 3202 :et
680 3152 809 3202 ilorebunt
827 3152 862 3200 de
877 3152 983 3199 minate

67 3222 172 3330 Ῐΰᾶίθῑὲι
543 3223 608 3273 sicut
621 3221 723 3271 loenum
732 3228 820 3270 terrae.

125 3296 144 3330 2
162 3294 176 3329 1
