<?xml version="1.0" encoding="UTF-8"?>
<!DOCTYPE html PUBLIC "-//W3C//DTD XHTML 1.0 Transitional//EN"
    "http://www.w3.org/TR/xhtml1/DTD/xhtml1-transitional.dtd">
<html xmlns="http://www.w3.org/1999/xhtml" xml:lang="en" lang="en">
 <head>
  <title>
</title>
<meta http-equiv="Content-Type" content="text/html;charset=utf-8" />
  <meta name='ocr-system' content='tesseract 3.04.00' />
  <meta name='ocr-capabilities' content='ocr_page ocr_carea ocr_par ocr_line ocrx_word'/>
</head>
<body>
  <div class='ocr_page' id='page_1' title='image "./liberprecumpubl00englgoog_0254.png"; bbox 0 0 2100 3524; ppageno 0'>
   <div class='ocr_carea' id='block_1_1' title="bbox 88 250 548 337">
    <p class='ocr_par' dir='ltr' id='par_1_1' title="bbox 88 250 548 337">
     <span class='ocr_line' id='line_1_1' title="bbox 88 250 548 337; baseline -0.004 -30"><span class='ocrx_word' id='word_1_1' title='bbox 88 253 160 307; x_wconf 67' lang='lat' dir='ltr'>Dran</span> <span class='ocrx_word' id='word_1_2' title='bbox 179 250 385 337; x_wconf 64' lang='lat' dir='ltr'>nuvolariam</span> <span class='ocrx_word' id='word_1_3' title='bbox 403 251 548 307; x_wconf 64' lang='lat' dir='ltr'>infirmum.</span> 
     </span>
    </p>
   </div>
   <div class='ocr_carea' id='block_1_2' title="bbox 47 383 772 2262">
    <p class='ocr_par' dir='ltr' id='par_1_2' title="bbox 47 383 772 1884">
     <span class='ocr_line' id='line_1_2' title="bbox 47 383 770 444; baseline 0.004 -12"><span class='ocrx_word' id='word_1_4' title='bbox 47 385 111 433; x_wconf 83' lang='lat' dir='ltr'>:lutis</span> <span class='ocrx_word' id='word_1_5' title='bbox 128 391 153 434; x_wconf 88' lang='lat' dir='ltr'>et</span> <span class='ocrx_word' id='word_1_6' title='bbox 169 383 265 444; x_wconf 88' lang='lat' dir='ltr'>deletis,</span> <span class='ocrx_word' id='word_1_7' title='bbox 284 384 304 433; x_wconf 87' lang='lat' dir='ltr'>si</span> <span class='ocrx_word' id='word_1_8' title='bbox 336 384 442 444; x_wconf 89' lang='lat' dir='ltr'>tudines,</span> <span class='ocrx_word' id='word_1_9' title='bbox 457 391 482 433; x_wconf 88' lang='lat' dir='ltr'>et</span> <span class='ocrx_word' id='word_1_10' title='bbox 499 400 644 434; x_wconf 84' lang='lat' dir='ltr'>consumere</span> <span class='ocrx_word' id='word_1_11' title='bbox 661 402 718 435; x_wconf 90' lang='lat' dir='ltr'>eum</span> <span class='ocrx_word' id='word_1_12' title='bbox 732 385 770 435; x_wconf 84' lang='lat' dir='ltr'>vis</span> 
     </span>
     <span class='ocr_line' id='line_1_3' title="bbox 47 450 765 514; baseline 0.003 -16"><span class='ocrx_word' id='word_1_13' title='bbox 47 451 82 498; x_wconf 84' lang='lat' dir='ltr'>ria</span> <span class='ocrx_word' id='word_1_14' title='bbox 100 450 233 498; x_wconf 80' lang='lat' dir='ltr'>mundanae</span> <span class='ocrx_word' id='word_1_15' title='bbox 248 466 304 514; x_wconf 89' lang='lat' dir='ltr'>pra·</span> <span class='ocrx_word' id='word_1_16' title='bbox 336 450 445 513; x_wconf 88' lang='lat' dir='ltr'>peccatis</span> <span class='ocrx_word' id='word_1_17' title='bbox 489 451 664 500; x_wconf 64' lang='lat' dir='ltr'>adolescentia*</span> <span class='ocrx_word' id='word_1_18' title='bbox 705 451 765 514; x_wconf 90' lang='lat' dir='ltr'>ejus.</span> 
     </span>
     <span class='ocr_line' id='line_1_4' title="bbox 47 515 769 578; baseline 0.003 -15"><span class='ocrx_word' id='word_1_19' title='bbox 47 516 125 563; x_wconf 90' lang='lat' dir='ltr'>amali</span> <span class='ocrx_word' id='word_1_20' title='bbox 143 517 301 574; x_wconf 86' lang='lat' dir='ltr'>commercio,</span> <span class='ocrx_word' id='word_1_21' title='bbox 337 515 418 578; x_wconf 89' lang='lat' dir='ltr'>Super</span> <span class='ocrx_word' id='word_1_22' title='bbox 448 531 506 564; x_wconf 90' lang='lat' dir='ltr'>eum</span> <span class='ocrx_word' id='word_1_23' title='bbox 539 515 699 565; x_wconf 88' lang='lat' dir='ltr'>confirmatus</span> <span class='ocrx_word' id='word_1_24' title='bbox 732 524 769 565; x_wconf 92' lang='lat' dir='ltr'>est</span> 
     </span>
     <span class='ocr_line' id='line_1_5' title="bbox 52 580 769 645; baseline 0 -16"><span class='ocrx_word' id='word_1_25' title='bbox 52 581 162 642; x_wconf 88' lang='lat' dir='ltr'>diabolo,</span> <span class='ocrx_word' id='word_1_26' title='bbox 183 581 305 629; x_wconf 84' lang='lat' dir='ltr'>contraxit</span> <span class='ocrx_word' id='word_1_27' title='bbox 336 580 404 628; x_wconf 87' lang='lat' dir='ltr'>furor</span> <span class='ocrx_word' id='word_1_28' title='bbox 415 588 479 640; x_wconf 91' lang='lat' dir='ltr'>tuus,</span> <span class='ocrx_word' id='word_1_29' title='bbox 494 589 519 629; x_wconf 89' lang='lat' dir='ltr'>et</span> <span class='ocrx_word' id='word_1_30' title='bbox 533 582 627 645; x_wconf 86' lang='lat' dir='ltr'>repleta</span> <span class='ocrx_word' id='word_1_31' title='bbox 643 590 680 630; x_wconf 90' lang='lat' dir='ltr'>est</span> <span class='ocrx_word' id='word_1_32' title='bbox 696 581 769 629; x_wconf 88' lang='lat' dir='ltr'>malis</span> 
     </span>
     <span class='ocr_line' id='line_1_6' title="bbox 47 646 769 710; baseline 0.003 -17"><span class='ocrx_word' id='word_1_33' title='bbox 47 648 63 694; x_wconf 73' lang='lat' dir='ltr'>ri</span> <span class='ocrx_word' id='word_1_34' title='bbox 85 663 148 710; x_wconf 91' lang='lat' dir='ltr'>pura</span> <span class='ocrx_word' id='word_1_35' title='bbox 170 654 195 695; x_wconf 91' lang='lat' dir='ltr'>et</span> <span class='ocrx_word' id='word_1_36' title='bbox 219 647 304 694; x_wconf 91' lang='lat' dir='ltr'>incon·</span> <span class='ocrx_word' id='word_1_37' title='bbox 336 646 421 693; x_wconf 88' lang='lat' dir='ltr'>anima</span> <span class='ocrx_word' id='word_1_38' title='bbox 437 646 496 709; x_wconf 87' lang='lat' dir='ltr'>ejus.</span> <span class='ocrx_word' id='word_1_39' title='bbox 535 647 595 706; x_wconf 86' lang='lat' dir='ltr'>Sed,-</span> <span class='ocrx_word' id='word_1_40' title='bbox 609 647 679 696; x_wconf 88' lang='lat' dir='ltr'>Deus</span> <span class='ocrx_word' id='word_1_41' title='bbox 695 647 769 695; x_wconf 91' lang='lat' dir='ltr'>mise·</span> 
     </span>
     <span class='ocr_line' id='line_1_7' title="bbox 47 711 769 775; baseline 0.001 -16"><span class='ocrx_word' id='word_1_42' title='bbox 47 720 192 760; x_wconf 86' lang='lat' dir='ltr'>raesentetur.</span> <span class='ocrx_word' id='word_1_43' title='bbox 250 712 305 759; x_wconf 92' lang='lat' dir='ltr'>Nos</span> <span class='ocrx_word' id='word_1_44' title='bbox 336 711 420 770; x_wconf 90' lang='lat' dir='ltr'>ricors,</span> <span class='ocrx_word' id='word_1_45' title='bbox 451 712 494 775; x_wconf 92' lang='lat' dir='ltr'>qui</span> <span class='ocrx_word' id='word_1_46' title='bbox 525 720 638 760; x_wconf 91' lang='lat' dir='ltr'>sanctum</span> <span class='ocrx_word' id='word_1_47' title='bbox 666 712 769 761; x_wconf 90' lang='lat' dir='ltr'>verbum</span> 
     </span>
     <span class='ocr_line' id='line_1_8' title="bbox 47 777 769 840; baseline 0 -16"><span class='ocrx_word' id='word_1_48' title='bbox 47 793 200 840; x_wconf 88' lang='lat' dir='ltr'>upersumus,</span> <span class='ocrx_word' id='word_1_49' title='bbox 215 777 305 824; x_wconf 88' lang='lat' dir='ltr'>doceas</span> <span class='ocrx_word' id='word_1_50' title='bbox 337 784 407 824; x_wconf 91' lang='lat' dir='ltr'>tuum</span> <span class='ocrx_word' id='word_1_51' title='bbox 435 777 467 824; x_wconf 90' lang='lat' dir='ltr'>ad</span> <span class='ocrx_word' id='word_1_52' title='bbox 495 784 606 826; x_wconf 88' lang='lat' dir='ltr'>nostram</span> <span class='ocrx_word' id='word_1_53' title='bbox 629 778 769 825; x_wconf 85' lang='lat' dir='ltr'><strong>doctrinam</strong></span> 
     </span>
     <span class='ocr_line' id='line_1_9' title="bbox 48 841 769 906; baseline 0.001 -17"><span class='ocrx_word' id='word_1_54' title='bbox 48 842 82 889; x_wconf 90' lang='lat' dir='ltr'>lia</span> <span class='ocrx_word' id='word_1_55' title='bbox 98 842 257 890; x_wconf 84' lang='lat' dir='ltr'>mortalitatis</span> <span class='ocrx_word' id='word_1_56' title='bbox 269 842 305 889; x_wconf 92' lang='lat' dir='ltr'>in·</span> <span class='ocrx_word' id='word_1_57' title='bbox 337 841 463 904; x_wconf 88' lang='lat' dir='ltr'>scripsisti,</span> <span class='ocrx_word' id='word_1_58' title='bbox 477 848 505 890; x_wconf 89' lang='lat' dir='ltr'>ut</span> <span class='ocrx_word' id='word_1_59' title='bbox 522 858 567 906; x_wconf 89' lang='lat' dir='ltr'>per</span> <span class='ocrx_word' id='word_1_60' title='bbox 583 843 729 906; x_wconf 89' lang='lat' dir='ltr'>patientiam</span> <span class='ocrx_word' id='word_1_61' title='bbox 745 852 769 891; x_wconf 90' lang='lat' dir='ltr'>et</span> 
     </span>
     <span class='ocr_line' id='line_1_10' title="bbox 47 907 769 971; baseline 0 -16"><span class='ocrx_word' id='word_1_62' title='bbox 47 924 99 970; x_wconf 70' lang='lat' dir='ltr'>gere</span> <span class='ocrx_word' id='word_1_63' title='bbox 117 923 192 971; x_wconf 86' lang='lat' dir='ltr'>quam</span> <span class='ocrx_word' id='word_1_64' title='bbox 212 907 306 955; x_wconf 89' lang='lat' dir='ltr'>incerta</span> <span class='ocrx_word' id='word_1_65' title='bbox 337 907 534 955; x_wconf 87' lang='lat' dir='ltr'>consolationem</span> <span class='ocrx_word' id='word_1_66' title='bbox 563 923 688 956; x_wconf 88' lang='lat' dir='ltr'>sacrarum</span> <span class='ocrx_word' id='word_1_67' title='bbox 716 915 769 956; x_wconf 87' lang='lat' dir='ltr'>tua-</span> 
     </span>
     <span class='ocr_line' id='line_1_11' title="bbox 47 972 770 1036; baseline 0 -16"><span class='ocrx_word' id='word_1_68' title='bbox 47 990 57 1020; x_wconf 87' lang='lat' dir='ltr'>s</span> <span class='ocrx_word' id='word_1_69' title='bbox 75 981 159 1021; x_wconf 90' lang='lat' dir='ltr'>nostra</span> <span class='ocrx_word' id='word_1_70' title='bbox 176 972 288 1020; x_wconf 89' lang='lat' dir='ltr'>conditio</span> <span class='ocrx_word' id='word_1_71' title='bbox 299 990 306 1020; x_wconf 72' lang='lat'>2</span> <span class='ocrx_word' id='word_1_72' title='bbox 337 987 392 1019; x_wconf 89' lang='lat' dir='ltr'>rum</span> <span class='ocrx_word' id='word_1_73' title='bbox 402 972 586 1035; x_wconf 87' lang='lat' dir='ltr'>Scripturarum</span> <span class='ocrx_word' id='word_1_74' title='bbox 596 989 666 1036; x_wconf 92' lang='lat' dir='ltr'>spem</span> <span class='ocrx_word' id='word_1_75' title='bbox 677 973 770 1021; x_wconf 88' lang='lat' dir='ltr'>habea-</span> 
     </span>
     <span class='ocr_line' id='line_1_12' title="bbox 47 1037 769 1101; baseline 0 -16"><span class='ocrx_word' id='word_1_76' title='bbox 47 1054 87 1085; x_wconf 86' lang='lat' dir='ltr'>am</span> <span class='ocrx_word' id='word_1_77' title='bbox 104 1038 139 1086; x_wconf 90' lang='lat' dir='ltr'>sic</span> <span class='ocrx_word' id='word_1_78' title='bbox 156 1045 242 1086; x_wconf 90' lang='lat' dir='ltr'>notam</span> <span class='ocrx_word' id='word_1_79' title='bbox 256 1037 302 1097; x_wconf 87' lang='lat' dir='ltr'>fac,</span> <span class='ocrx_word' id='word_1_80' title='bbox 338 1053 393 1084; x_wconf 92' lang='lat' dir='ltr'>mus</span> <span class='ocrx_word' id='word_1_81' title='bbox 403 1055 411 1097; x_wconf 92' lang='lat'>;</span> <span class='ocrx_word' id='word_1_82' title='bbox 430 1038 464 1085; x_wconf 92' lang='lat' dir='ltr'>da</span> <span class='ocrx_word' id='word_1_83' title='bbox 483 1038 506 1086; x_wconf 89' lang='lat' dir='ltr'>ei</span> <span class='ocrx_word' id='word_1_84' title='bbox 527 1046 593 1087; x_wconf 90' lang='lat' dir='ltr'>recte</span> <span class='ocrx_word' id='word_1_85' title='bbox 612 1046 636 1087; x_wconf 87' lang='lat' dir='ltr'>ct</span> <span class='ocrx_word' id='word_1_86' title='bbox 652 1039 769 1101; x_wconf 86' lang='lat' dir='ltr'>·seipsum</span> 
     </span>
     <span class='ocr_line' id='line_1_13' title="bbox 47 1103 770 1167; baseline 0.003 -17"><span class='ocrx_word' id='word_1_87' title='bbox 47 1104 113 1151; x_wconf 81' lang='lat' dir='ltr'>:orde</span> <span class='ocrx_word' id='word_1_88' title='bbox 130 1104 156 1151; x_wconf 94' lang='lat' dir='ltr'>in</span> <span class='ocrx_word' id='word_1_89' title='bbox 173 1103 303 1166; x_wconf 85' lang='lat' dir='ltr'>sapientia,</span> <span class='ocrx_word' id='word_1_90' title='bbox 337 1118 439 1151; x_wconf 90' lang='lat' dir='ltr'>noscere</span> <span class='ocrx_word' id='word_1_91' title='bbox 450 1110 475 1151; x_wconf 88' lang='lat' dir='ltr'>et</span> <span class='ocrx_word' id='word_1_92' title='bbox 486 1103 566 1151; x_wconf 86' lang='lat' dir='ltr'>minas</span> <span class='ocrx_word' id='word_1_93' title='bbox 582 1104 770 1167; x_wconf 90' lang='lat' dir='ltr'>promissiones·</span> 
     </span>
     <span class='ocr_line' id='line_1_14' title="bbox 48 1168 769 1232; baseline 0.001 -16"><span class='ocrx_word' id='word_1_94' title='bbox 48 1169 163 1228; x_wconf 90' lang='lat' dir='ltr'>vivimus,</span> <span class='ocrx_word' id='word_1_95' title='bbox 177 1169 203 1216; x_wconf 89' lang='lat' dir='ltr'>in</span> <span class='ocrx_word' id='word_1_96' title='bbox 220 1175 307 1216; x_wconf 88' lang='lat' dir='ltr'>sancta</span> <span class='ocrx_word' id='word_1_97' title='bbox 338 1183 386 1230; x_wconf 91' lang='lat' dir='ltr'>que</span> <span class='ocrx_word' id='word_1_98' title='bbox 398 1175 452 1216; x_wconf 87' lang='lat' dir='ltr'>tuas</span> <span class='ocrx_word' id='word_1_99' title='bbox 464 1168 610 1232; x_wconf 84' lang='lat' dir='ltr'>intelligere,</span> <span class='ocrx_word' id='word_1_100' title='bbox 622 1177 647 1217; x_wconf 94' lang='lat' dir='ltr'>et</span> <span class='ocrx_word' id='word_1_101' title='bbox 656 1184 702 1217; x_wconf 86' lang='lat' dir='ltr'>nec</span> <span class='ocrx_word' id='word_1_102' title='bbox 711 1184 769 1217; x_wconf 91' lang='lat' dir='ltr'>con·</span> 
     </span>
     <span class='ocr_line' id='line_1_15' title="bbox 48 1231 770 1297; baseline 0.001 -16"><span class='ocrx_word' id='word_1_103' title='bbox 48 1235 75 1282; x_wconf 80' lang='lat' dir='ltr'>sti</span> <span class='ocrx_word' id='word_1_104' title='bbox 92 1234 214 1297; x_wconf 86' lang='lat' dir='ltr'>sapientia</span> <span class='ocrx_word' id='word_1_105' title='bbox 232 1249 306 1281; x_wconf 90' lang='lat' dir='ltr'>omne</span> <span class='ocrx_word' id='word_1_106' title='bbox 338 1231 467 1281; x_wconf 88' lang='lat' dir='ltr'>fidentiam</span> <span class='ocrx_word' id='word_1_107' title='bbox 486 1249 556 1281; x_wconf 91' lang='lat' dir='ltr'>suam</span> <span class='ocrx_word' id='word_1_108' title='bbox 574 1250 630 1297; x_wconf 88' lang='lat' dir='ltr'>quae</span> <span class='ocrx_word' id='word_1_109' title='bbox 648 1234 674 1282; x_wconf 92' lang='lat' dir='ltr'>in</span> <span class='ocrx_word' id='word_1_110' title='bbox 692 1241 717 1282; x_wconf 88' lang='lat' dir='ltr'>te</span> <span class='ocrx_word' id='word_1_111' title='bbox 733 1245 770 1282; x_wconf 90' lang='lat' dir='ltr'>est</span> 
     </span>
     <span class='ocr_line' id='line_1_16' title="bbox 47 1299 770 1363; baseline 0 -17"><span class='ocrx_word' id='word_1_112' title='bbox 47 1299 162 1358; x_wconf 91' lang='lat' dir='ltr'>locemus,</span> <span class='ocrx_word' id='word_1_113' title='bbox 183 1315 240 1363; x_wconf 73' lang='lat' dir='ltr'>quae</span> <span class='ocrx_word' id='word_1_114' title='bbox 260 1315 306 1346; x_wconf 92' lang='lat' dir='ltr'>nos</span> <span class='ocrx_word' id='word_1_115' title='bbox 337 1299 459 1357; x_wconf 88' lang='lat' dir='ltr'>amittere,</span> <span class='ocrx_word' id='word_1_116' title='bbox 482 1314 528 1346; x_wconf 91' lang='lat' dir='ltr'>nec</span> <span class='ocrx_word' id='word_1_117' title='bbox 548 1300 654 1348; x_wconf 89' lang='lat' dir='ltr'>eandem</span> <span class='ocrx_word' id='word_1_118' title='bbox 673 1299 699 1347; x_wconf 93' lang='lat' dir='ltr'>in</span> <span class='ocrx_word' id='word_1_119' title='bbox 720 1299 770 1346; x_wconf 87' lang='lat' dir='ltr'>alio</span> 
     </span>
     <span class='ocr_line' id='line_1_17' title="bbox 48 1363 771 1428; baseline 0.001 -17"><span class='ocrx_word' id='word_1_120' title='bbox 48 1365 186 1428; x_wconf 89' lang='lat' dir='ltr'>npitemam</span> <span class='ocrx_word' id='word_1_121' title='bbox 198 1364 306 1428; x_wconf 87' lang='lat' dir='ltr'>denique</span> <span class='ocrx_word' id='word_1_122' title='bbox 338 1363 385 1411; x_wconf 88' lang='lat' dir='ltr'>nisi</span> <span class='ocrx_word' id='word_1_123' title='bbox 397 1363 423 1411; x_wconf 92' lang='lat' dir='ltr'>in</span> <span class='ocrx_word' id='word_1_124' title='bbox 435 1372 460 1412; x_wconf 93' lang='lat' dir='ltr'>te</span> <span class='ocrx_word' id='word_1_125' title='bbox 471 1365 601 1412; x_wconf 88' lang='lat' dir='ltr'>collocare.</span> <span class='ocrx_word' id='word_1_126' title='bbox 638 1365 679 1412; x_wconf 90' lang='lat' dir='ltr'>Da</span> <span class='ocrx_word' id='word_1_127' title='bbox 691 1364 714 1413; x_wconf 88' lang='lat' dir='ltr'>ei</span> <span class='ocrx_word' id='word_1_128' title='bbox 723 1367 771 1412; x_wconf 90' lang='lat' dir='ltr'>vir-</span> 
     </span>
     <span class='ocr_line' id='line_1_18' title="bbox 56 1429 771 1493; baseline 0 -17"><span class='ocrx_word' id='word_1_129' title='bbox 56 1431 104 1478; x_wconf 87' lang='lat' dir='ltr'>Per</span> <span class='ocrx_word' id='word_1_130' title='bbox 132 1430 220 1477; x_wconf 90' lang='lat' dir='ltr'>merita</span> <span class='ocrx_word' id='word_1_131' title='bbox 245 1430 306 1493; x_wconf 87' lang='lat' dir='ltr'>Jesu</span> <span class='ocrx_word' id='word_1_132' title='bbox 338 1436 417 1477; x_wconf 88' lang='lat' dir='ltr'>tutem</span> <span class='ocrx_word' id='word_1_133' title='bbox 445 1438 532 1477; x_wconf 86' lang='lat' dir='ltr'>contra</span> <span class='ocrx_word' id='word_1_134' title='bbox 556 1445 644 1478; x_wconf 91' lang='lat' dir='ltr'>omnes</span> <span class='ocrx_word' id='word_1_135' title='bbox 671 1429 771 1478; x_wconf 89' lang='lat' dir='ltr'>tentati-</span> 
     </span>
     <span class='ocr_line' id='line_1_19' title="bbox 48 1494 771 1558; baseline -0.001 -15"><span class='ocrx_word' id='word_1_136' title='bbox 48 1538 49 1542; x_wconf 73' lang='grc'>,</span> <span class='ocrx_word' id='word_1_137' title='bbox 62 1495 97 1543; x_wconf 91' lang='lat' dir='ltr'>tui</span> <span class='ocrx_word' id='word_1_138' title='bbox 110 1495 185 1554; x_wconf 88' lang='lat' dir='ltr'>unici,</span> <span class='ocrx_word' id='word_1_139' title='bbox 202 1494 306 1542; x_wconf 88' lang='lat' dir='ltr'>Domini</span> <span class='ocrx_word' id='word_1_140' title='bbox 338 1509 406 1554; x_wconf 92' lang='lat' dir='ltr'>ones,</span> <span class='ocrx_word' id='word_1_141' title='bbox 421 1502 445 1542; x_wconf 91' lang='lat' dir='ltr'>et</span> <span class='ocrx_word' id='word_1_142' title='bbox 462 1511 523 1543; x_wconf 87' lang='lat' dir='ltr'>sana</span> <span class='ocrx_word' id='word_1_143' title='bbox 539 1510 626 1543; x_wconf 90' lang='lat' dir='ltr'>omnes</span> <span class='ocrx_word' id='word_1_144' title='bbox 640 1494 771 1558; x_wconf 85' lang='lat' dir='ltr'>languores</span> 
     </span>
     <span class='ocr_line' id='line_1_20' title="bbox 48 1558 771 1624; baseline 0 -16"><span class='ocrx_word' id='word_1_145' title='bbox 48 1577 81 1609; x_wconf 73' lang='lat' dir='ltr'>en.</span> <span class='ocrx_word' id='word_1_146' title='bbox 338 1558 398 1621; x_wconf 87' lang='lat' dir='ltr'>ejus.</span> <span class='ocrx_word' id='word_1_147' title='bbox 428 1560 560 1608; x_wconf 85' lang='lat' dir='ltr'>Calamum</span> <span class='ocrx_word' id='word_1_148' title='bbox 568 1567 711 1624; x_wconf 87' lang='lat' dir='ltr'>quassatum</span> <span class='ocrx_word' id='word_1_149' title='bbox 719 1559 771 1608; x_wconf 94' lang='lat' dir='ltr'>noli</span> 
     </span>
     <span class='ocr_line' id='line_1_21' title="bbox 339 1624 771 1687; baseline 0 -15"><span class='ocrx_word' id='word_1_150' title='bbox 339 1632 473 1684; x_wconf 84' lang='lat' dir='ltr'>conterere,</span> <span class='ocrx_word' id='word_1_151' title='bbox 491 1632 534 1673; x_wconf 93' lang='lat' dir='ltr'>aut</span> <span class='ocrx_word' id='word_1_152' title='bbox 551 1625 630 1673; x_wconf 88' lang='lat' dir='ltr'>linum</span> <span class='ocrx_word' id='word_1_153' title='bbox 647 1624 771 1687; x_wconf 84' lang='lat' dir='ltr'>fumigans</span> 
     </span>
     <span class='ocr_line' id='line_1_22' title="bbox 339 1690 772 1754; baseline 0 -17"><span class='ocrx_word' id='word_1_154' title='bbox 339 1690 488 1754; x_wconf 85' lang='lat' dir='ltr'>extinguere.</span> <span class='ocrx_word' id='word_1_155' title='bbox 525 1690 568 1738; x_wconf 91' lang='lat' dir='ltr'>Ne</span> <span class='ocrx_word' id='word_1_156' title='bbox 580 1690 680 1739; x_wconf 91' lang='lat' dir='ltr'>contine</span> <span class='ocrx_word' id='word_1_157' title='bbox 695 1691 721 1739; x_wconf 91' lang='lat' dir='ltr'>in</span> <span class='ocrx_word' id='word_1_158' title='bbox 734 1690 772 1738; x_wconf 89' lang='lat' dir='ltr'>ira</span> 
     </span>
     <span class='ocr_line' id='line_1_23' title="bbox 339 1754 771 1815; baseline 0 -13"><span class='ocrx_word' id='word_1_159' title='bbox 339 1762 382 1803; x_wconf 89' lang='lat' dir='ltr'>tua</span> <span class='ocrx_word' id='word_1_160' title='bbox 409 1755 590 1804; x_wconf 85' lang='lat' dir='ltr'>misericordias</span> <span class='ocrx_word' id='word_1_161' title='bbox 618 1763 673 1804; x_wconf 89' lang='lat' dir='ltr'>tuas</span> <span class='ocrx_word' id='word_1_162' title='bbox 685 1773 693 1815; x_wconf 92' lang='lat'>;</span> <span class='ocrx_word' id='word_1_163' title='bbox 727 1754 771 1803; x_wconf 93' lang='lat' dir='ltr'>sed</span> 
     </span>
     <span class='ocr_line' id='line_1_24' title="bbox 48 1818 771 1884; baseline 0.003 -18"><span class='ocrx_word' id='word_1_164' title='bbox 48 1819 156 1867; x_wconf 81' lang='lat' dir='ltr'><strong>·ICTE</strong></span> <span class='ocrx_word' id='word_1_165' title='bbox 186 1818 304 1879; x_wconf 89' lang='lat' dir='ltr'>Domine,</span> <span class='ocrx_word' id='word_1_166' title='bbox 339 1821 435 1869; x_wconf 89' lang='lat' dir='ltr'>auditui</span> <span class='ocrx_word' id='word_1_167' title='bbox 447 1821 499 1883; x_wconf 89' lang='lat' dir='ltr'>ejus</span> <span class='ocrx_word' id='word_1_168' title='bbox 513 1822 546 1869; x_wconf 90' lang='lat' dir='ltr'>da</span> <span class='ocrx_word' id='word_1_169' title='bbox 561 1821 680 1884; x_wconf 86' lang='lat' dir='ltr'>gaudium</span> <span class='ocrx_word' id='word_1_170' title='bbox 693 1827 717 1868; x_wconf 90' lang='lat' dir='ltr'>et</span> <span class='ocrx_word' id='word_1_171' title='bbox 728 1820 771 1868; x_wconf 89' lang='lat' dir='ltr'>lae·</span> 
     </span>
    </p>

    <p class='ocr_par' dir='ltr' id='par_1_3' title="bbox 48 1884 772 2262">
     <span class='ocr_line' id='line_1_25' title="bbox 71 1884 771 1945; baseline 0.001 -14"><span class='ocrx_word' id='word_1_172' title='bbox 71 1885 304 1943; x_wconf 88' lang='lat' dir='ltr'>misericordiarum,</span> <span class='ocrx_word' id='word_1_173' title='bbox 339 1886 427 1945; x_wconf 89' lang='lat' dir='ltr'>titiam,</span> <span class='ocrx_word' id='word_1_174' title='bbox 441 1895 469 1934; x_wconf 91' lang='lat' dir='ltr'>ut</span> <span class='ocrx_word' id='word_1_175' title='bbox 487 1887 609 1934; x_wconf 85' lang='lat' dir='ltr'>exsultent</span> <span class='ocrx_word' id='word_1_176' title='bbox 623 1901 679 1934; x_wconf 90' lang='lat' dir='ltr'>ossa</span> <span class='ocrx_word' id='word_1_177' title='bbox 690 1884 771 1933; x_wconf 91' lang='lat' dir='ltr'>humi-</span> 
     </span>
     <span class='ocr_line' id='line_1_26' title="bbox 48 1950 772 2013; baseline 0.001 -16"><span class='ocrx_word' id='word_1_178' title='bbox 48 1951 90 1998; x_wconf 88' lang='lat' dir='ltr'>.ius</span> <span class='ocrx_word' id='word_1_179' title='bbox 114 1950 307 2009; x_wconf 87' lang='lat' dir='ltr'>consolationis;</span> <span class='ocrx_word' id='word_1_180' title='bbox 339 1951 406 2000; x_wconf 88' lang='lat' dir='ltr'>liata.</span> <span class='ocrx_word' id='word_1_181' title='bbox 438 1952 469 1998; x_wconf 21' lang='lat' dir='ltr'>*A</span> <span class='ocrx_word' id='word_1_182' title='bbox 486 1952 575 2000; x_wconf 89' lang='lat' dir='ltr'>timore</span> <span class='ocrx_word' id='word_1_183' title='bbox 592 1951 686 1999; x_wconf 92' lang='lat' dir='ltr'>inimici</span> <span class='ocrx_word' id='word_1_184' title='bbox 703 1951 772 2013; x_wconf 89' lang='lat' dir='ltr'>eripe</span> 
     </span>
     <span class='ocr_line' id='line_1_27' title="bbox 48 2015 771 2079; baseline 0.003 -18"><span class='ocrx_word' id='word_1_185' title='bbox 48 2016 96 2062; x_wconf 78' lang='lat' dir='ltr'>lum</span> <span class='ocrx_word' id='word_1_186' title='bbox 128 2023 205 2074; x_wconf 90' lang='lat' dir='ltr'>tuum,</span> <span class='ocrx_word' id='word_1_187' title='bbox 236 2015 306 2078; x_wconf 85' lang='lat' dir='ltr'>aegri·</span> <span class='ocrx_word' id='word_1_188' title='bbox 339 2017 449 2064; x_wconf 89' lang='lat' dir='ltr'>animam</span> <span class='ocrx_word' id='word_1_189' title='bbox 461 2016 528 2079; x_wconf 88' lang='lat' dir='ltr'>ejus;</span> <span class='ocrx_word' id='word_1_190' title='bbox 547 2025 663 2065; x_wconf 87' lang='lat' dir='ltr'>converte</span> <span class='ocrx_word' id='word_1_191' title='bbox 674 2015 771 2064; x_wconf 86' lang='lat' dir='ltr'>vultum</span> 
     </span>
     <span class='ocr_line' id='line_1_28' title="bbox 48 2081 768 2145; baseline 0.003 -18"><span class='ocrx_word' id='word_1_192' title='bbox 48 2088 143 2139; x_wconf 87' lang='lat' dir='ltr'>antem,</span> <span class='ocrx_word' id='word_1_193' title='bbox 163 2088 190 2128; x_wconf 90' lang='lat' dir='ltr'>ut</span> <span class='ocrx_word' id='word_1_194' title='bbox 210 2081 266 2144; x_wconf 89' lang='lat' dir='ltr'>pius</span> <span class='ocrx_word' id='word_1_195' title='bbox 283 2088 307 2129; x_wconf 88' lang='lat' dir='ltr'>et</span> <span class='ocrx_word' id='word_1_196' title='bbox 339 2089 410 2129; x_wconf 90' lang='lat' dir='ltr'>tuum</span> <span class='ocrx_word' id='word_1_197' title='bbox 427 2081 459 2129; x_wconf 87' lang='lat' dir='ltr'>ad</span> <span class='ocrx_word' id='word_1_198' title='bbox 477 2098 542 2142; x_wconf 87' lang='lat' dir='ltr'>eum,</span> <span class='ocrx_word' id='word_1_199' title='bbox 557 2090 581 2130; x_wconf 94' lang='lat' dir='ltr'>et</span> <span class='ocrx_word' id='word_1_200' title='bbox 593 2082 626 2130; x_wconf 93' lang='lat' dir='ltr'>da</span> <span class='ocrx_word' id='word_1_201' title='bbox 638 2082 659 2130; x_wconf 92' lang='lat' dir='ltr'>ei</span> <span class='ocrx_word' id='word_1_202' title='bbox 672 2097 768 2145; x_wconf 89' lang='lat' dir='ltr'>pacem.</span> 
     </span>
     <span class='ocr_line' id='line_1_29' title="bbox 49 2145 771 2211; baseline 0 -18"><span class='ocrx_word' id='word_1_203' title='bbox 49 2146 159 2208; x_wconf 89' lang='lat' dir='ltr'>·espicias</span> <span class='ocrx_word' id='word_1_204' title='bbox 190 2146 307 2208; x_wconf 88' lang='lat' dir='ltr'>depreca-</span> <span class='ocrx_word' id='word_1_205' title='bbox 342 2147 389 2195; x_wconf 90' lang='lat' dir='ltr'>Per</span> <span class='ocrx_word' id='word_1_206' title='bbox 399 2148 489 2195; x_wconf 88' lang='lat' dir='ltr'>merita</span> <span class='ocrx_word' id='word_1_207' title='bbox 498 2148 559 2211; x_wconf 88' lang='lat' dir='ltr'>Jesu</span> <span class='ocrx_word' id='word_1_208' title='bbox 571 2147 664 2196; x_wconf 89' lang='lat' dir='ltr'>Christi</span> <span class='ocrx_word' id='word_1_209' title='bbox 674 2145 771 2194; x_wconf 90' lang='lat' dir='ltr'>Media·</span> 
     </span>
     <span class='ocr_line' id='line_1_30' title="bbox 49 2211 768 2262; baseline 0.001 -3"><span class='ocrx_word' id='word_1_210' title='bbox 49 2220 211 2260; x_wconf 66' lang='lat' dir='ltr'>icontraeum</span> <span class='ocrx_word' id='word_1_211' title='bbox 219 2211 306 2260; x_wconf 86' lang='lat' dir='ltr'>amari·</span> <span class='ocrx_word' id='word_1_212' title='bbox 341 2213 401 2261; x_wconf 89' lang='lat' dir='ltr'>toris</span> <span class='ocrx_word' id='word_1_213' title='bbox 412 2220 438 2261; x_wconf 90' lang='lat' dir='ltr'>et</span> <span class='ocrx_word' id='word_1_214' title='bbox 450 2213 555 2261; x_wconf 90' lang='lat' dir='ltr'>Domini</span> <span class='ocrx_word' id='word_1_215' title='bbox 567 2213 651 2262; x_wconf 87' lang='lat' dir='ltr'>nostri.</span> <span class='ocrx_word' id='word_1_216' title='bbox 678 2213 768 2262; x_wconf 84' lang='lat' dir='ltr'>Amen.</span> 
     </span>
    </p>
   </div>
   <div class='ocr_carea' id='block_1_3' title="bbox 48 1665 291 1779">
    <p class='ocr_par' dir='ltr' id='par_1_4' title="bbox 48 1665 291 1779">
     <span class='ocr_line' id='line_1_31' title="bbox 53 1665 291 1728; baseline 0.008 -17"><span class='ocrx_word' id='word_1_217' title='bbox 53 1665 87 1712; x_wconf 82' lang='lat' dir='ltr'>eis</span> <span class='ocrx_word' id='word_1_218' title='bbox 99 1681 205 1728; x_wconf 81' lang='lat' dir='ltr'>quonrm</span> <span class='ocrx_word' id='word_1_219' title='bbox 223 1681 291 1713; x_wconf 84' lang='lat' dir='ltr'>mens</span> 
     </span>
     <span class='ocr_line' id='line_1_32' title="bbox 48 1732 248 1779; baseline 0.01 -2"><span class='ocrx_word' id='word_1_220' title='bbox 48 1732 129 1779; x_wconf 82' lang='lat' dir='ltr'>:ientia</span> <span class='ocrx_word' id='word_1_221' title='bbox 141 1739 248 1779; x_wconf 82' lang='lat' dir='ltr'>vexatur.</span> 
     </span>
    </p>
   </div>
   <div class='ocr_carea' id='block_1_4' title="bbox 0 0 1060 3524">
    <p class='ocr_par' dir='ltr' id='par_1_5' title="bbox 0 0 1060 3524">
     <span class='ocr_line' id='line_1_33' title="bbox 0 0 1060 3524; baseline 0 0"><span class='ocrx_word' id='word_1_222' title='bbox 0 0 1060 3524; x_wconf 95' lang='lat' dir='ltr'> </span> 
     </span>
    </p>
   </div>
  </div>
 </body>
</html>
