<?xml version="1.0" encoding="UTF-8"?>
<!DOCTYPE html PUBLIC "-//W3C//DTD XHTML 1.0 Transitional//EN"
    "http://www.w3.org/TR/xhtml1/DTD/xhtml1-transitional.dtd">
<html xmlns="http://www.w3.org/1999/xhtml" xml:lang="en" lang="en">
 <head>
  <title>
</title>
<meta http-equiv="Content-Type" content="text/html;charset=utf-8" />
  <meta name='ocr-system' content='tesseract 3.04.00' />
  <meta name='ocr-capabilities' content='ocr_page ocr_carea ocr_par ocr_line ocrx_word'/>
</head>
<body>
  <div class='ocr_page' id='page_1' title='image "./liberprecumpubl00englgoog_0334.png"; bbox 0 0 2116 3532; ppageno 0'>
   <div class='ocr_carea' id='block_1_1' title="bbox 57 108 955 176">
    <p class='ocr_par' dir='ltr' id='par_1_1' title="bbox 57 108 955 176">
     <span class='ocr_line' id='line_1_1' title="bbox 57 108 955 176; baseline 0 -17"><span class='ocrx_word' id='word_1_1' title='bbox 57 110 121 160; x_wconf 82' lang='lat' dir='ltr'>Dies</span> <span class='ocrx_word' id='word_1_2' title='bbox 132 110 210 160; x_wconf 81' lang='lat' dir='ltr'><em>XIX.</em></span> <span class='ocrx_word' id='word_1_3' title='bbox 457 108 566 176; x_wconf 52' lang='lat' dir='ltr'>{illelmi</span> <span class='ocrx_word' id='word_1_4' title='bbox 839 112 883 161; x_wconf 77' lang='lat' dir='ltr'>Ad</span> <span class='ocrx_word' id='word_1_5' title='bbox 891 113 955 161; x_wconf 73' lang='lat' dir='ltr'>Mat</span> 
     </span>
    </p>
   </div>
   <div class='ocr_carea' id='block_1_2' title="bbox 58 246 969 3121">
    <p class='ocr_par' dir='ltr' id='par_1_2' title="bbox 61 246 964 376">
     <span class='ocr_line' id='line_1_2' title="bbox 61 246 964 311; baseline -0.003 -14"><span class='ocrx_word' id='word_1_6' title='bbox 61 263 134 297; x_wconf 87' lang='lat' dir='ltr'>meus</span> <span class='ocrx_word' id='word_1_7' title='bbox 149 266 155 297; x_wconf 92' lang='lat'><strong>:</strong></span> <span class='ocrx_word' id='word_1_8' title='bbox 174 247 342 296; x_wconf 85' lang='lat' dir='ltr'>misericordia</span> <span class='ocrx_word' id='word_1_9' title='bbox 364 254 414 307; x_wconf 88' lang='lat' dir='ltr'>tua,</span> <span class='ocrx_word' id='word_1_10' title='bbox 444 248 496 296; x_wconf 95' lang='lat' dir='ltr'>Do·</span> <span class='ocrx_word' id='word_1_11' title='bbox 564 247 650 296; x_wconf 87' lang='lat' dir='ltr'><strong>Hodie</strong></span> <span class='ocrx_word' id='word_1_12' title='bbox 660 248 681 296; x_wconf 91' lang='lat' dir='ltr'>si</span> <span class='ocrx_word' id='word_1_13' title='bbox 693 263 780 296; x_wconf 91' lang='lat' dir='ltr'>vocem</span> <span class='ocrx_word' id='word_1_14' title='bbox 794 246 847 311; x_wconf 91' lang='lat' dir='ltr'>ejus</span> <span class='ocrx_word' id='word_1_15' title='bbox 859 246 964 295; x_wconf 86' lang='lat' dir='ltr'>audieri-</span> 
     </span>
     <span class='ocr_line' id='line_1_3' title="bbox 61 313 964 376; baseline -0.001 -15"><span class='ocrx_word' id='word_1_16' title='bbox 61 314 139 374; x_wconf 88' lang='lat' dir='ltr'>mine,</span> <span class='ocrx_word' id='word_1_17' title='bbox 154 313 288 376; x_wconf 87' lang='lat' dir='ltr'>adjuvabat</span> <span class='ocrx_word' id='word_1_18' title='bbox 297 329 343 362; x_wconf 77' lang='lat' dir='ltr'>me</span> <span class='ocrx_word' id='word_1_19' title='bbox 529 313 562 361; x_wconf 88' lang='lat' dir='ltr'>tis</span> <span class='ocrx_word' id='word_1_20' title='bbox 577 332 584 363; x_wconf 74' lang='grc' dir='ltr'>ς</span> <span class='ocrx_word' id='word_1_21' title='bbox 596 313 673 362; x_wconf 89' lang='lat' dir='ltr'>nolite</span> <span class='ocrx_word' id='word_1_22' title='bbox 690 313 812 361; x_wconf 88' lang='lat' dir='ltr'>obdurare</span> <span class='ocrx_word' id='word_1_23' title='bbox 823 313 899 361; x_wconf 87' lang='lat' dir='ltr'>eorda</span> <span class='ocrx_word' id='word_1_24' title='bbox 910 328 964 360; x_wconf 89' lang='lat' dir='ltr'>ves·</span> 
     </span>
    </p>

    <p class='ocr_par' dir='ltr' id='par_1_3' title="bbox 58 378 964 623">
     <span class='ocr_line' id='line_1_4' title="bbox 96 378 584 438; baseline -0.004 -10"><span class='ocrx_word' id='word_1_25' title='bbox 96 379 242 428; x_wconf 90' lang='lat' dir='ltr'>Secundum</span> <span class='ocrx_word' id='word_1_26' title='bbox 257 378 441 428; x_wconf 87' lang='lat' dir='ltr'>multitudinem</span> <span class='ocrx_word' id='word_1_27' title='bbox 453 379 497 427; x_wconf 91' lang='lat' dir='ltr'>do·</span> <span class='ocrx_word' id='word_1_28' title='bbox 529 387 584 438; x_wconf 86' lang='lat' dir='ltr'>tra;</span> 
     </span>
     <span class='ocr_line' id='line_1_5' title="bbox 63 442 963 493; baseline 0 -2"><span class='ocrx_word' id='word_1_29' title='bbox 63 442 147 492; x_wconf 90' lang='lat' dir='ltr'>lorum</span> <span class='ocrx_word' id='word_1_30' title='bbox 159 460 270 492; x_wconf 88' lang='lat' dir='ltr'>meorum</span> <span class='ocrx_word' id='word_1_31' title='bbox 289 445 314 491; x_wconf 94' lang='lat' dir='ltr'>in</span> <span class='ocrx_word' id='word_1_32' title='bbox 330 445 404 492; x_wconf 88' lang='lat' dir='ltr'>corde</span> <span class='ocrx_word' id='word_1_33' title='bbox 419 460 498 493; x_wconf 87' lang='lat' dir='ltr'>meo:</span> <span class='ocrx_word' id='word_1_34' title='bbox 564 444 633 493; x_wconf 89' lang='lat' dir='ltr'>Sicut</span> <span class='ocrx_word' id='word_1_35' title='bbox 652 444 678 491; x_wconf 93' lang='lat' dir='ltr'>in</span> <span class='ocrx_word' id='word_1_36' title='bbox 700 443 839 491; x_wconf 85' lang='lat' dir='ltr'>irritatione</span> <span class='ocrx_word' id='word_1_37' title='bbox 855 461 860 491; x_wconf 78' lang='grc' dir='ltr'><em>ι</em></span> <span class='ocrx_word' id='word_1_38' title='bbox 879 459 963 491; x_wconf 91' lang='lat' dir='ltr'>secun·</span> 
     </span>
     <span class='ocr_line' id='line_1_6' title="bbox 58 506 964 558; baseline 0 -1"><span class='ocrx_word' id='word_1_39' title='bbox 58 506 249 557; x_wconf 70' lang='lat' dir='ltr'>&#39;consolationes</span> <span class='ocrx_word' id='word_1_40' title='bbox 277 518 325 558; x_wconf 75' lang='lat' dir='ltr'>ture</span> <span class='ocrx_word' id='word_1_41' title='bbox 357 508 497 558; x_wconf 86' lang='lat' dir='ltr'>laetificave·</span> <span class='ocrx_word' id='word_1_42' title='bbox 529 509 590 556; x_wconf 92' lang='lat' dir='ltr'>dum</span> <span class='ocrx_word' id='word_1_43' title='bbox 613 509 680 557; x_wconf 90' lang='lat' dir='ltr'>diem</span> <span class='ocrx_word' id='word_1_44' title='bbox 708 509 851 557; x_wconf 82' lang='lat' dir='ltr'>tentationis</span> <span class='ocrx_word' id='word_1_45' title='bbox 874 509 899 555; x_wconf 93' lang='lat' dir='ltr'>in</span> <span class='ocrx_word' id='word_1_46' title='bbox 922 509 964 557; x_wconf 87' lang='lat' dir='ltr'>de·</span> 
     </span>
     <span class='ocr_line' id='line_1_7' title="bbox 64 575 602 623; baseline 0 -1"><span class='ocrx_word' id='word_1_47' title='bbox 64 583 120 622; x_wconf 87' lang='lat' dir='ltr'>runt</span> <span class='ocrx_word' id='word_1_48' title='bbox 133 575 243 622; x_wconf 87' lang='lat' dir='ltr'>animam</span> <span class='ocrx_word' id='word_1_49' title='bbox 256 590 343 623; x_wconf 90' lang='lat' dir='ltr'>meam.</span> <span class='ocrx_word' id='word_1_50' title='bbox 530 582 602 623; x_wconf 90' lang='lat' dir='ltr'>serto.</span> 
     </span>
    </p>

    <p class='ocr_par' dir='ltr' id='par_1_4' title="bbox 64 640 963 835">
     <span class='ocr_line' id='line_1_8' title="bbox 97 640 963 704; baseline -0.001 -17"><span class='ocrx_word' id='word_1_51' title='bbox 97 640 229 704; x_wconf 89' lang='lat' dir='ltr'>Numquid</span> <span class='ocrx_word' id='word_1_52' title='bbox 242 640 351 688; x_wconf 82' lang='lat' dir='ltr'>adhaeret</span> <span class='ocrx_word' id='word_1_53' title='bbox 368 640 413 688; x_wconf 90' lang='lat' dir='ltr'>tibi</span> <span class='ocrx_word' id='word_1_54' title='bbox 428 640 498 688; x_wconf 93' lang='lat' dir='ltr'>sedes</span> <span class='ocrx_word' id='word_1_55' title='bbox 565 640 616 690; x_wconf 89' lang='lat' dir='ltr'>Ubi</span> <span class='ocrx_word' id='word_1_56' title='bbox 639 646 796 688; x_wconf 87' lang='lat' dir='ltr'>tentaverunt</span> <span class='ocrx_word' id='word_1_57' title='bbox 818 655 858 687; x_wconf 91' lang='lat' dir='ltr'>me</span> <span class='ocrx_word' id='word_1_58' title='bbox 881 647 963 702; x_wconf 86' lang='lat' dir='ltr'>patres</span> 
     </span>
     <span class='ocr_line' id='line_1_9' title="bbox 64 704 961 769; baseline -0.001 -16"><span class='ocrx_word' id='word_1_59' title='bbox 64 705 224 769; x_wconf 86' lang='lat' dir='ltr'>iniquitatis:</span> <span class='ocrx_word' id='word_1_60' title='bbox 243 705 285 769; x_wconf 91' lang='lat' dir='ltr'>qui</span> <span class='ocrx_word' id='word_1_61' title='bbox 303 704 375 768; x_wconf 80' lang='lat' dir='ltr'>fingis</span> <span class='ocrx_word' id='word_1_62' title='bbox 386 705 497 753; x_wconf 91' lang='lat' dir='ltr'>laborem</span> <span class='ocrx_word' id='word_1_63' title='bbox 530 705 604 753; x_wconf 88' lang='lat' dir='ltr'>vestri</span> <span class='ocrx_word' id='word_1_64' title='bbox 627 723 633 753; x_wconf 91' lang='lat'>:</span> <span class='ocrx_word' id='word_1_65' title='bbox 658 706 824 768; x_wconf 86' lang='lat' dir='ltr'>probaverunt</span> <span class='ocrx_word' id='word_1_66' title='bbox 856 720 903 763; x_wconf 87' lang='lat' dir='ltr'>me,</span> <span class='ocrx_word' id='word_1_67' title='bbox 938 717 961 753; x_wconf 86' lang='lat' dir='ltr'>et</span> 
     </span>
     <span class='ocr_line' id='line_1_10' title="bbox 65 771 806 835; baseline 0 -17"><span class='ocrx_word' id='word_1_68' title='bbox 65 771 91 818; x_wconf 88' lang='lat' dir='ltr'>in</span> <span class='ocrx_word' id='word_1_69' title='bbox 102 773 251 835; x_wconf 83' lang='lat' dir='ltr'>praecepto?</span> <span class='ocrx_word' id='word_1_70' title='bbox 530 771 645 818; x_wconf 88' lang='lat' dir='ltr'>viderunt</span> <span class='ocrx_word' id='word_1_71' title='bbox 657 786 732 833; x_wconf 85' lang='lat' dir='ltr'>opera</span> <span class='ocrx_word' id='word_1_72' title='bbox 744 786 806 818; x_wconf 92' lang='lat' dir='ltr'>mea.</span> 
     </span>
    </p>

    <p class='ocr_par' dir='ltr' id='par_1_5' title="bbox 65 835 963 1028">
     <span class='ocr_line' id='line_1_11' title="bbox 97 835 963 900; baseline -0.002 -16"><span class='ocrx_word' id='word_1_73' title='bbox 97 837 243 900; x_wconf 86' lang='lat' dir='ltr'>Captabunt</span> <span class='ocrx_word' id='word_1_74' title='bbox 261 835 286 882; x_wconf 91' lang='lat' dir='ltr'>in</span> <span class='ocrx_word' id='word_1_75' title='bbox 298 835 407 883; x_wconf 90' lang='lat' dir='ltr'>animam</span> <span class='ocrx_word' id='word_1_76' title='bbox 416 835 476 898; x_wconf 86' lang='lat' dir='ltr'>justi</span> <span class='ocrx_word' id='word_1_77' title='bbox 492 854 498 884; x_wconf 90' lang='lat'>:</span> <span class='ocrx_word' id='word_1_78' title='bbox 563 836 734 898; x_wconf 79' lang='lat' dir='ltr'>Quadraginta</span> <span class='ocrx_word' id='word_1_79' title='bbox 759 835 830 883; x_wconf 84' lang='lat' dir='ltr'>annis</span> <span class='ocrx_word' id='word_1_80' title='bbox 854 835 963 882; x_wconf 82' lang='lat' dir='ltr'>offensus</span> 
     </span>
     <span class='ocr_line' id='line_1_12' title="bbox 65 901 960 964; baseline -0.002 -14"><span class='ocrx_word' id='word_1_81' title='bbox 65 902 247 964; x_wconf 82' lang='lat' dir='ltr'>etsanguinern</span> <span class='ocrx_word' id='word_1_82' title='bbox 265 901 423 949; x_wconf 88' lang='lat' dir='ltr'>innocentem</span> <span class='ocrx_word' id='word_1_83' title='bbox 439 916 497 949; x_wconf 87' lang='lat' dir='ltr'>eon·</span> <span class='ocrx_word' id='word_1_84' title='bbox 530 901 564 949; x_wconf 90' lang='lat' dir='ltr'>sui</span> <span class='ocrx_word' id='word_1_85' title='bbox 587 901 740 963; x_wconf 77' lang='lat' dir='ltr'>generationi</span> <span class='ocrx_word' id='word_1_86' title='bbox 768 901 804 948; x_wconf 91' lang='lat' dir='ltr'>illi</span> <span class='ocrx_word' id='word_1_87' title='bbox 824 918 829 948; x_wconf 78' lang='grc' dir='ltr'><em>ι</em></span> <span class='ocrx_word' id='word_1_88' title='bbox 853 910 877 948; x_wconf 90' lang='lat' dir='ltr'>et</span> <span class='ocrx_word' id='word_1_89' title='bbox 900 901 960 958; x_wconf 82' lang='lat' dir='ltr'>dixi,</span> 
     </span>
     <span class='ocr_line' id='line_1_13' title="bbox 65 966 860 1028; baseline -0.003 -13"><span class='ocrx_word' id='word_1_90' title='bbox 65 967 228 1015; x_wconf 85' lang='lat' dir='ltr'>demnabunt.</span> <span class='ocrx_word' id='word_1_91' title='bbox 531 968 637 1028; x_wconf 86' lang='lat' dir='ltr'>Semper</span> <span class='ocrx_word' id='word_1_92' title='bbox 648 966 674 1012; x_wconf 90' lang='lat' dir='ltr'>hi</span> <span class='ocrx_word' id='word_1_93' title='bbox 686 974 767 1014; x_wconf 86' lang='lat' dir='ltr'>errant</span> <span class='ocrx_word' id='word_1_94' title='bbox 779 966 860 1014; x_wconf 88' lang='lat' dir='ltr'>corde.</span> 
     </span>
    </p>

    <p class='ocr_par' dir='ltr' id='par_1_6' title="bbox 64 1031 964 1226">
     <span class='ocr_line' id='line_1_14' title="bbox 97 1031 962 1094; baseline -0.003 -14"><span class='ocrx_word' id='word_1_95' title='bbox 97 1033 131 1080; x_wconf 92' lang='lat' dir='ltr'>Et</span> <span class='ocrx_word' id='word_1_96' title='bbox 144 1032 224 1080; x_wconf 87' lang='lat' dir='ltr'>sactus</span> <span class='ocrx_word' id='word_1_97' title='bbox 241 1039 278 1079; x_wconf 89' lang='lat' dir='ltr'>est</span> <span class='ocrx_word' id='word_1_98' title='bbox 294 1031 356 1078; x_wconf 89' lang='lat' dir='ltr'>mihi</span> <span class='ocrx_word' id='word_1_99' title='bbox 374 1031 498 1079; x_wconf 89' lang='lat' dir='ltr'>Dominus</span> <span class='ocrx_word' id='word_1_100' title='bbox 564 1032 597 1079; x_wconf 87' lang='lat' dir='ltr'>Et</span> <span class='ocrx_word' id='word_1_101' title='bbox 609 1031 648 1078; x_wconf 90' lang='lat' dir='ltr'>isti</span> <span class='ocrx_word' id='word_1_102' title='bbox 661 1047 710 1078; x_wconf 90' lang='lat' dir='ltr'>non</span> <span class='ocrx_word' id='word_1_103' title='bbox 729 1039 898 1094; x_wconf 78' lang='lat' dir='ltr'>cognoverunt</span> <span class='ocrx_word' id='word_1_104' title='bbox 910 1031 962 1077; x_wconf 75' lang='lat' dir='ltr'>vias</span> 
     </span>
     <span class='ocr_line' id='line_1_15' title="bbox 64 1096 964 1159; baseline -0.001 -14"><span class='ocrx_word' id='word_1_105' title='bbox 64 1097 89 1146; x_wconf 91' lang='lat' dir='ltr'>in</span> <span class='ocrx_word' id='word_1_106' title='bbox 102 1097 225 1159; x_wconf 81' lang='lat' dir='ltr'>refugium</span> <span class='ocrx_word' id='word_1_107' title='bbox 241 1114 247 1144; x_wconf 75' lang='lat' dir='ltr'><strong><em>z</em></strong></span> <span class='ocrx_word' id='word_1_108' title='bbox 264 1104 288 1144; x_wconf 89' lang='lat' dir='ltr'>et</span> <span class='ocrx_word' id='word_1_109' title='bbox 302 1097 370 1144; x_wconf 93' lang='lat' dir='ltr'>Deus</span> <span class='ocrx_word' id='word_1_110' title='bbox 385 1112 455 1144; x_wconf 91' lang='lat' dir='ltr'>meus</span> <span class='ocrx_word' id='word_1_111' title='bbox 472 1097 498 1144; x_wconf 93' lang='lat' dir='ltr'>in</span> <span class='ocrx_word' id='word_1_112' title='bbox 530 1112 598 1144; x_wconf 87' lang='lat' dir='ltr'>meas</span> <span class='ocrx_word' id='word_1_113' title='bbox 614 1114 620 1143; x_wconf 94' lang='lat'><strong>:</strong></span> <span class='ocrx_word' id='word_1_114' title='bbox 637 1104 663 1144; x_wconf 87' lang='lat' dir='ltr'>ut</span> <span class='ocrx_word' id='word_1_115' title='bbox 672 1096 753 1158; x_wconf 86' lang='lat' dir='ltr'>juravi</span> <span class='ocrx_word' id='word_1_116' title='bbox 766 1097 790 1143; x_wconf 93' lang='lat' dir='ltr'>in</span> <span class='ocrx_word' id='word_1_117' title='bbox 804 1097 839 1143; x_wconf 87' lang='lat' dir='ltr'>ira</span> <span class='ocrx_word' id='word_1_118' title='bbox 856 1112 920 1155; x_wconf 78' lang='lat' dir='ltr'>mea,</span> <span class='ocrx_word' id='word_1_119' title='bbox 936 1097 964 1144; x_wconf 85' lang='lat' dir='ltr'>Si</span> 
     </span>
     <span class='ocr_line' id='line_1_16' title="bbox 64 1161 927 1226; baseline -0.005 -14"><span class='ocrx_word' id='word_1_120' title='bbox 64 1163 216 1226; x_wconf 89' lang='lat' dir='ltr'>adjutorium</span> <span class='ocrx_word' id='word_1_121' title='bbox 229 1162 281 1225; x_wconf 88' lang='lat' dir='ltr'>spei</span> <span class='ocrx_word' id='word_1_122' title='bbox 294 1178 363 1210; x_wconf 86' lang='lat' dir='ltr'>meae.</span> <span class='ocrx_word' id='word_1_123' title='bbox 529 1161 667 1210; x_wconf 89' lang='lat' dir='ltr'>introibunt</span> <span class='ocrx_word' id='word_1_124' title='bbox 679 1162 704 1209; x_wconf 89' lang='lat' dir='ltr'>in</span> <span class='ocrx_word' id='word_1_125' title='bbox 716 1161 825 1225; x_wconf 89' lang='lat' dir='ltr'>requiem</span> <span class='ocrx_word' id='word_1_126' title='bbox 838 1178 927 1209; x_wconf 83' lang='lat' dir='ltr'>meam.</span> 
     </span>
    </p>

    <p class='ocr_par' dir='ltr' id='par_1_7' title="bbox 64 1227 963 1473">
     <span class='ocr_line' id='line_1_17' title="bbox 98 1227 499 1290; baseline -0.005 -14"><span class='ocrx_word' id='word_1_127' title='bbox 98 1229 132 1276; x_wconf 86' lang='lat' dir='ltr'>Et</span> <span class='ocrx_word' id='word_1_128' title='bbox 157 1227 244 1275; x_wconf 89' lang='lat' dir='ltr'>reddet</span> <span class='ocrx_word' id='word_1_129' title='bbox 272 1227 321 1275; x_wconf 93' lang='lat' dir='ltr'>illis</span> <span class='ocrx_word' id='word_1_130' title='bbox 343 1227 499 1290; x_wconf 89' lang='lat' dir='ltr'>iniquitatem</span> 
     </span>
     <span class='ocr_line' id='line_1_18' title="bbox 64 1291 499 1357; baseline -0.005 -16"><span class='ocrx_word' id='word_1_131' title='bbox 64 1293 186 1357; x_wconf 89' lang='lat' dir='ltr'>ipsorum,</span> <span class='ocrx_word' id='word_1_132' title='bbox 209 1301 233 1340; x_wconf 89' lang='lat' dir='ltr'>et</span> <span class='ocrx_word' id='word_1_133' title='bbox 253 1291 279 1339; x_wconf 89' lang='lat' dir='ltr'>in</span> <span class='ocrx_word' id='word_1_134' title='bbox 300 1292 394 1340; x_wconf 86' lang='lat' dir='ltr'>malitia</span> <span class='ocrx_word' id='word_1_135' title='bbox 414 1308 499 1340; x_wconf 91' lang='lat' dir='ltr'>eorum</span> 
     </span>
     <span class='ocr_line' id='line_1_19' title="bbox 64 1335 859 1422; baseline -0.001 -16"><span class='ocrx_word' id='word_1_136' title='bbox 64 1357 193 1422; x_wconf 90' lang='lat' dir='ltr'>disperdet</span> <span class='ocrx_word' id='word_1_137' title='bbox 213 1373 255 1405; x_wconf 90' lang='lat' dir='ltr'>eos</span> <span class='ocrx_word' id='word_1_138' title='bbox 271 1375 278 1405; x_wconf 90' lang='lat'><strong>:</strong></span> <span class='ocrx_word' id='word_1_139' title='bbox 294 1357 420 1422; x_wconf 77' lang='lat' dir='ltr'>disperdet</span> <span class='ocrx_word' id='word_1_140' title='bbox 443 1357 499 1406; x_wconf 91' lang='lat' dir='ltr'>illos</span> <span class='ocrx_word' id='word_1_141' title='bbox 617 1335 747 1383; x_wconf 70' lang='lat' dir='ltr'>Psnruus</span> <span class='ocrx_word' id='word_1_142' title='bbox 762 1335 859 1384; x_wconf 75' lang='lat' dir='ltr'><strong>XCVI·</strong></span> 
     </span>
     <span class='ocr_line' id='line_1_20' title="bbox 66 1423 963 1473; baseline 0.001 -1"><span class='ocrx_word' id='word_1_143' title='bbox 66 1424 191 1472; x_wconf 82' lang='lat' dir='ltr'>Dominus</span> <span class='ocrx_word' id='word_1_144' title='bbox 204 1423 273 1471; x_wconf 90' lang='lat' dir='ltr'>Deus</span> <span class='ocrx_word' id='word_1_145' title='bbox 285 1433 374 1472; x_wconf 86' lang='lat' dir='ltr'>noster.</span> <span class='ocrx_word' id='word_1_146' title='bbox 592 1425 742 1473; x_wconf 85' lang='lat' dir='ltr'><strong>ANTATE</strong></span> <span class='ocrx_word' id='word_1_147' title='bbox 761 1426 872 1473; x_wconf 89' lang='lat' dir='ltr'>Domino</span> <span class='ocrx_word' id='word_1_148' title='bbox 887 1426 963 1473; x_wconf 85' lang='lat' dir='ltr'>canti·</span> 
     </span>
    </p>

    <p class='ocr_par' dir='ltr' id='par_1_8' title="bbox 64 1499 964 1945">
     <span class='ocr_line' id='line_1_21' title="bbox 629 1499 964 1539; baseline 0 -1"><span class='ocrx_word' id='word_1_149' title='bbox 629 1507 685 1538; x_wconf 88' lang='lat' dir='ltr'>cum</span> <span class='ocrx_word' id='word_1_150' title='bbox 719 1507 811 1538; x_wconf 87' lang='lat' dir='ltr'>novum</span> <span class='ocrx_word' id='word_1_151' title='bbox 835 1510 841 1539; x_wconf 78' lang='grc' dir='ltr'><strong><em>ι</em></strong></span> <span class='ocrx_word' id='word_1_152' title='bbox 867 1499 964 1539; x_wconf 85' lang='lat' dir='ltr'>cantate</span> 
     </span>
     <span class='ocr_line' id='line_1_22' title="bbox 72 1551 820 1627; baseline -0.003 -21"><span class='ocrx_word' id='word_1_153' title='bbox 72 1565 146 1614; x_wconf 79' lang='lat' dir='ltr'>DIES</span> <span class='ocrx_word' id='word_1_154' title='bbox 164 1565 224 1615; x_wconf 80' lang='grc' dir='ltr'>ΧΧ,</span> <span class='ocrx_word' id='word_1_155' title='bbox 261 1551 472 1627; x_wconf 48' lang='lat' dir='ltr'>qufflgtutiffl,</span> <span class='ocrx_word' id='word_1_156' title='bbox 533 1556 645 1604; x_wconf 91' lang='lat' dir='ltr'>Domino</span> <span class='ocrx_word' id='word_1_157' title='bbox 656 1556 737 1604; x_wconf 92' lang='lat' dir='ltr'>omnis</span> <span class='ocrx_word' id='word_1_158' title='bbox 750 1564 820 1604; x_wconf 88' lang='lat' dir='ltr'>terra.</span> 
     </span>
     <span class='ocr_line' id='line_1_23' title="bbox 566 1621 962 1679; baseline -0.004 -8.447"><span class='ocrx_word' id='word_1_159' title='bbox 566 1622 671 1670; x_wconf 88' lang='lat' dir='ltr'>Cantate</span> <span class='ocrx_word' id='word_1_160' title='bbox 698 1621 816 1679; x_wconf 87' lang='lat' dir='ltr'>Domino,</span> <span class='ocrx_word' id='word_1_161' title='bbox 842 1629 866 1669; x_wconf 95' lang='lat' dir='ltr'>et</span> <span class='ocrx_word' id='word_1_162' title='bbox 888 1622 962 1669; x_wconf 90' lang='lat' dir='ltr'>bene·</span> 
     </span>
     <span class='ocr_line' id='line_1_24' title="bbox 168 1662 964 1748; baseline 0 -13"><span class='ocrx_word' id='word_1_163' title='bbox 168 1663 299 1711; x_wconf 80' lang='lat' dir='ltr'><strong>PSALMUS</strong></span> <span class='ocrx_word' id='word_1_164' title='bbox 317 1662 398 1711; x_wconf 74' lang='lat' dir='ltr'><strong>XCV·</strong></span> <span class='ocrx_word' id='word_1_165' title='bbox 531 1687 639 1734; x_wconf 88' lang='lat' dir='ltr'>diciteN</span> <span class='ocrx_word' id='word_1_166' title='bbox 642 1686 719 1734; x_wconf 86' lang='lat' dir='ltr'>omini</span> <span class='ocrx_word' id='word_1_167' title='bbox 728 1685 780 1748; x_wconf 90' lang='lat' dir='ltr'>ejus</span> <span class='ocrx_word' id='word_1_168' title='bbox 797 1704 802 1733; x_wconf 77' lang='grc' dir='ltr'><em>ι</em></span> <span class='ocrx_word' id='word_1_169' title='bbox 820 1687 964 1735; x_wconf 84' lang='lat' dir='ltr'>annuntiate</span> 
     </span>
     <span class='ocr_line' id='line_1_25' title="bbox 133 1752 920 1813; baseline -0.003 -13"><span class='ocrx_word' id='word_1_170' title='bbox 133 1753 255 1812; x_wconf 87' lang='lat' dir='ltr'>ENlTE,</span> <span class='ocrx_word' id='word_1_171' title='bbox 279 1752 428 1801; x_wconf 86' lang='lat' dir='ltr'>exsultemus</span> <span class='ocrx_word' id='word_1_172' title='bbox 447 1753 499 1801; x_wconf 93' lang='lat' dir='ltr'>Do·</span> <span class='ocrx_word' id='word_1_173' title='bbox 531 1753 563 1800; x_wconf 92' lang='lat' dir='ltr'>de</span> <span class='ocrx_word' id='word_1_174' title='bbox 574 1752 615 1800; x_wconf 93' lang='lat' dir='ltr'>die</span> <span class='ocrx_word' id='word_1_175' title='bbox 627 1752 652 1798; x_wconf 90' lang='lat' dir='ltr'>in</span> <span class='ocrx_word' id='word_1_176' title='bbox 664 1752 731 1799; x_wconf 89' lang='lat' dir='ltr'>diem</span> <span class='ocrx_word' id='word_1_177' title='bbox 743 1752 850 1799; x_wconf 90' lang='lat' dir='ltr'>salutare</span> <span class='ocrx_word' id='word_1_178' title='bbox 861 1752 920 1813; x_wconf 84' lang='lat' dir='ltr'>ejus.</span> 
     </span>
     <span class='ocr_line' id='line_1_26' title="bbox 166 1817 963 1881; baseline -0.001 -16"><span class='ocrx_word' id='word_1_179' title='bbox 166 1819 235 1865; x_wconf 91' lang='lat' dir='ltr'>mino</span> <span class='ocrx_word' id='word_1_180' title='bbox 257 1836 263 1866; x_wconf 78' lang='lat' dir='ltr'><em>z</em></span> <span class='ocrx_word' id='word_1_181' title='bbox 285 1818 419 1881; x_wconf 88' lang='lat' dir='ltr'>jubilemus</span> <span class='ocrx_word' id='word_1_182' title='bbox 443 1819 500 1867; x_wconf 91' lang='lat' dir='ltr'>Deo</span> <span class='ocrx_word' id='word_1_183' title='bbox 565 1817 720 1865; x_wconf 85' lang='lat' dir='ltr'>Annuntiate</span> <span class='ocrx_word' id='word_1_184' title='bbox 738 1817 898 1879; x_wconf 78' lang='lat' dir='ltr'>intergeutes</span> <span class='ocrx_word' id='word_1_185' title='bbox 910 1817 963 1879; x_wconf 86' lang='lat' dir='ltr'>glo·</span> 
     </span>
     <span class='ocr_line' id='line_1_27' title="bbox 64 1882 963 1945; baseline -0.006 -12"><span class='ocrx_word' id='word_1_186' title='bbox 64 1883 169 1933; x_wconf 82' lang='lat' dir='ltr'>salutari</span> <span class='ocrx_word' id='word_1_187' title='bbox 182 1892 273 1931; x_wconf 88' lang='lat' dir='ltr'>nostro.</span> <span class='ocrx_word' id='word_1_188' title='bbox 433 1890 437 1898; x_wconf 91' lang='lat'>&#39;</span> <span class='ocrx_word' id='word_1_189' title='bbox 532 1883 594 1930; x_wconf 85' lang='lat' dir='ltr'>riam</span> <span class='ocrx_word' id='word_1_190' title='bbox 607 1882 658 1944; x_wconf 85' lang='lat' dir='ltr'>ejus</span> <span class='ocrx_word' id='word_1_191' title='bbox 674 1900 679 1930; x_wconf 88' lang='lat'>:</span> <span class='ocrx_word' id='word_1_192' title='bbox 697 1883 722 1929; x_wconf 88' lang='lat' dir='ltr'>in</span> <span class='ocrx_word' id='word_1_193' title='bbox 737 1882 852 1929; x_wconf 85' lang='lat' dir='ltr'>omnibus</span> <span class='ocrx_word' id='word_1_194' title='bbox 865 1883 963 1945; x_wconf 84' lang='lat' dir='ltr'>populis</span> 
     </span>
    </p>

    <p class='ocr_par' dir='ltr' id='par_1_9' title="bbox 63 1947 963 2144">
     <span class='ocr_line' id='line_1_28' title="bbox 99 1947 726 2012; baseline -0.003 -16"><span class='ocrx_word' id='word_1_195' title='bbox 99 1949 307 2012; x_wconf 80' lang='lat' dir='ltr'>Praeoecupemus</span> <span class='ocrx_word' id='word_1_196' title='bbox 337 1947 424 1996; x_wconf 77' lang='lat' dir='ltr'>faciem</span> <span class='ocrx_word' id='word_1_197' title='bbox 447 1947 499 2011; x_wconf 88' lang='lat' dir='ltr'>ejus</span> <span class='ocrx_word' id='word_1_198' title='bbox 531 1948 656 1996; x_wconf 83' lang='lat' dir='ltr'>mirabilia</span> <span class='ocrx_word' id='word_1_199' title='bbox 667 1947 726 2010; x_wconf 91' lang='lat' dir='ltr'>ejus.</span> 
     </span>
     <span class='ocr_line' id='line_1_29' title="bbox 65 2012 960 2077; baseline -0.006 -14"><span class='ocrx_word' id='word_1_200' title='bbox 65 2015 91 2063; x_wconf 91' lang='lat' dir='ltr'>in</span> <span class='ocrx_word' id='word_1_201' title='bbox 110 2015 266 2062; x_wconf 79' lang='lat' dir='ltr'>consessione</span> <span class='ocrx_word' id='word_1_202' title='bbox 285 2032 290 2062; x_wconf 91' lang='lat'>:</span> <span class='ocrx_word' id='word_1_203' title='bbox 309 2022 333 2062; x_wconf 89' lang='lat' dir='ltr'>et</span> <span class='ocrx_word' id='word_1_204' title='bbox 353 2014 378 2061; x_wconf 91' lang='lat' dir='ltr'>in</span> <span class='ocrx_word' id='word_1_205' title='bbox 398 2014 500 2077; x_wconf 86' lang='lat' dir='ltr'>psalmis</span> <span class='ocrx_word' id='word_1_206' title='bbox 565 2013 691 2075; x_wconf 83' lang='lat' dir='ltr'>Quoniam</span> <span class='ocrx_word' id='word_1_207' title='bbox 707 2028 811 2074; x_wconf 82' lang='lat' dir='ltr'>mugnus</span> <span class='ocrx_word' id='word_1_208' title='bbox 830 2012 960 2069; x_wconf 80' lang='lat' dir='ltr'>Dominus,</span> 
     </span>
     <span class='ocr_line' id='line_1_30' title="bbox 63 2077 963 2144; baseline -0.003 -16"><span class='ocrx_word' id='word_1_209' title='bbox 63 2079 201 2144; x_wconf 91' lang='lat' dir='ltr'>jubilemus</span> <span class='ocrx_word' id='word_1_210' title='bbox 213 2081 242 2128; x_wconf 88' lang='lat' dir='ltr'>ei.</span> <span class='ocrx_word' id='word_1_211' title='bbox 532 2087 556 2127; x_wconf 90' lang='lat' dir='ltr'>et</span> <span class='ocrx_word' id='word_1_212' title='bbox 580 2077 712 2126; x_wconf 83' lang='lat' dir='ltr'>laudabilis</span> <span class='ocrx_word' id='word_1_213' title='bbox 735 2078 830 2125; x_wconf 87' lang='lat' dir='ltr'>nimis:</span> <span class='ocrx_word' id='word_1_214' title='bbox 849 2077 963 2125; x_wconf 88' lang='lat' dir='ltr'>terribilis</span> 
     </span>
    </p>

    <p class='ocr_par' dir='ltr' id='par_1_10' title="bbox 66 2142 963 2324">
     <span class='ocr_line' id='line_1_31' title="bbox 99 2142 828 2207; baseline -0.005 -14"><span class='ocrx_word' id='word_1_215' title='bbox 99 2145 227 2207; x_wconf 88' lang='lat' dir='ltr'>Quoniam</span> <span class='ocrx_word' id='word_1_216' title='bbox 246 2145 315 2193; x_wconf 86' lang='lat' dir='ltr'>Deus</span> <span class='ocrx_word' id='word_1_217' title='bbox 330 2160 433 2207; x_wconf 80' lang='lat' dir='ltr'>magnus</span> <span class='ocrx_word' id='word_1_218' title='bbox 449 2144 500 2192; x_wconf 93' lang='lat' dir='ltr'>Do·</span> <span class='ocrx_word' id='word_1_219' title='bbox 531 2152 568 2192; x_wconf 87' lang='lat' dir='ltr'>est</span> <span class='ocrx_word' id='word_1_220' title='bbox 580 2159 654 2206; x_wconf 91' lang='lat' dir='ltr'>super</span> <span class='ocrx_word' id='word_1_221' title='bbox 664 2158 751 2190; x_wconf 87' lang='lat' dir='ltr'>omues</span> <span class='ocrx_word' id='word_1_222' title='bbox 762 2142 828 2190; x_wconf 86' lang='lat' dir='ltr'>deos.</span> 
     </span>
     <span class='ocr_line' id='line_1_32' title="bbox 66 2208 963 2273; baseline -0.004 -15"><span class='ocrx_word' id='word_1_223' title='bbox 66 2211 171 2258; x_wconf 91' lang='lat' dir='ltr'>minus:</span> <span class='ocrx_word' id='word_1_224' title='bbox 189 2220 213 2258; x_wconf 91' lang='lat' dir='ltr'>et</span> <span class='ocrx_word' id='word_1_225' title='bbox 235 2227 278 2258; x_wconf 89' lang='lat' dir='ltr'>rex</span> <span class='ocrx_word' id='word_1_226' title='bbox 300 2226 405 2273; x_wconf 79' lang='lat' dir='ltr'>magnus</span> <span class='ocrx_word' id='word_1_227' title='bbox 427 2225 500 2273; x_wconf 88' lang='lat' dir='ltr'>super</span> <span class='ocrx_word' id='word_1_228' title='bbox 565 2209 690 2270; x_wconf 82' lang='lat' dir='ltr'>Quoniam</span> <span class='ocrx_word' id='word_1_229' title='bbox 708 2224 794 2255; x_wconf 89' lang='lat' dir='ltr'>omnes</span> <span class='ocrx_word' id='word_1_230' title='bbox 807 2208 840 2255; x_wconf 91' lang='lat' dir='ltr'>dii</span> <span class='ocrx_word' id='word_1_231' title='bbox 852 2209 963 2270; x_wconf 76' lang='lat' dir='ltr'>gentium</span> 
     </span>
     <span class='ocr_line' id='line_1_33' title="bbox 66 2274 962 2324; baseline -0.006 0"><span class='ocrx_word' id='word_1_232' title='bbox 66 2291 156 2324; x_wconf 89' lang='lat' dir='ltr'>omnes</span> <span class='ocrx_word' id='word_1_233' title='bbox 168 2275 234 2324; x_wconf 88' lang='lat' dir='ltr'>deos.</span> <span class='ocrx_word' id='word_1_234' title='bbox 531 2274 656 2321; x_wconf 81' lang='lat' dir='ltr'>daemonia</span> <span class='ocrx_word' id='word_1_235' title='bbox 682 2291 688 2321; x_wconf 90' lang='lat'><strong>:</strong></span> <span class='ocrx_word' id='word_1_236' title='bbox 715 2274 852 2321; x_wconf 87' lang='lat' dir='ltr'>Dominum</span> <span class='ocrx_word' id='word_1_237' title='bbox 881 2283 962 2321; x_wconf 81' lang='lat' dir='ltr'>autem</span> 
     </span>
    </p>

    <p class='ocr_par' dir='ltr' id='par_1_11' title="bbox 65 2338 965 2534">
     <span class='ocr_line' id='line_1_34' title="bbox 100 2338 684 2403; baseline -0.003 -15"><span class='ocrx_word' id='word_1_238' title='bbox 100 2341 169 2403; x_wconf 90' lang='lat' dir='ltr'>Quia</span> <span class='ocrx_word' id='word_1_239' title='bbox 197 2341 222 2388; x_wconf 91' lang='lat' dir='ltr'>in</span> <span class='ocrx_word' id='word_1_240' title='bbox 251 2356 326 2388; x_wconf 89' lang='lat' dir='ltr'>manu</span> <span class='ocrx_word' id='word_1_241' title='bbox 359 2339 411 2402; x_wconf 90' lang='lat' dir='ltr'>ejus</span> <span class='ocrx_word' id='word_1_242' title='bbox 443 2346 500 2386; x_wconf 91' lang='lat' dir='ltr'>sunt</span> <span class='ocrx_word' id='word_1_243' title='bbox 532 2338 608 2386; x_wconf 89' lang='lat' dir='ltr'>coelos</span> <span class='ocrx_word' id='word_1_244' title='bbox 620 2338 684 2386; x_wconf 88' lang='lat' dir='ltr'>secit.</span> 
     </span>
     <span class='ocr_line' id='line_1_35' title="bbox 65 2403 963 2467; baseline -0.004 -13"><span class='ocrx_word' id='word_1_245' title='bbox 65 2421 154 2454; x_wconf 88' lang='lat' dir='ltr'>omnes</span> <span class='ocrx_word' id='word_1_246' title='bbox 177 2405 238 2453; x_wconf 86' lang='lat' dir='ltr'>fines</span> <span class='ocrx_word' id='word_1_247' title='bbox 264 2415 356 2454; x_wconf 87' lang='lat' dir='ltr'>terrae:</span> <span class='ocrx_word' id='word_1_248' title='bbox 374 2413 398 2452; x_wconf 89' lang='lat' dir='ltr'>et</span> <span class='ocrx_word' id='word_1_249' title='bbox 417 2404 500 2452; x_wconf 88' lang='lat' dir='ltr'>altitu·</span> <span class='ocrx_word' id='word_1_250' title='bbox 567 2404 698 2452; x_wconf 77' lang='lat' dir='ltr'>Confessio</span> <span class='ocrx_word' id='word_1_251' title='bbox 717 2412 741 2452; x_wconf 88' lang='lat' dir='ltr'>et</span> <span class='ocrx_word' id='word_1_252' title='bbox 762 2403 921 2467; x_wconf 81' lang='lat' dir='ltr'>pulchritudo</span> <span class='ocrx_word' id='word_1_253' title='bbox 938 2404 963 2450; x_wconf 87' lang='lat' dir='ltr'>in</span> 
     </span>
     <span class='ocr_line' id='line_1_36' title="bbox 66 2469 965 2534; baseline -0.001 -16"><span class='ocrx_word' id='word_1_254' title='bbox 66 2471 139 2519; x_wconf 85' lang='lat' dir='ltr'>dines</span> <span class='ocrx_word' id='word_1_255' title='bbox 151 2472 274 2518; x_wconf 89' lang='lat' dir='ltr'>montium</span> <span class='ocrx_word' id='word_1_256' title='bbox 286 2470 363 2534; x_wconf 87' lang='lat' dir='ltr'>ipsius</span> <span class='ocrx_word' id='word_1_257' title='bbox 375 2478 439 2518; x_wconf 90' lang='lat' dir='ltr'>sunt.</span> <span class='ocrx_word' id='word_1_258' title='bbox 533 2479 668 2533; x_wconf 87' lang='lat' dir='ltr'>conspectu</span> <span class='ocrx_word' id='word_1_259' title='bbox 677 2469 730 2532; x_wconf 81' lang='lat' dir='ltr'>ejus</span> <span class='ocrx_word' id='word_1_260' title='bbox 746 2487 751 2516; x_wconf 90' lang='lat'>:</span> <span class='ocrx_word' id='word_1_261' title='bbox 769 2469 932 2516; x_wconf 87' lang='lat' dir='ltr'>sanctimonia</span> <span class='ocrx_word' id='word_1_262' title='bbox 942 2479 965 2517; x_wconf 90' lang='lat' dir='ltr'>et</span> 
     </span>
    </p>

    <p class='ocr_par' dir='ltr' id='par_1_12' title="bbox 65 2533 965 2729">
     <span class='ocr_line' id='line_1_37' title="bbox 100 2533 965 2599; baseline -0.003 -15"><span class='ocrx_word' id='word_1_263' title='bbox 100 2536 227 2598; x_wconf 81' lang='lat' dir='ltr'>Quoniam</span> <span class='ocrx_word' id='word_1_264' title='bbox 239 2537 315 2599; x_wconf 80' lang='lat' dir='ltr'>ipsius</span> <span class='ocrx_word' id='word_1_265' title='bbox 333 2543 369 2583; x_wconf 85' lang='lat' dir='ltr'>est</span> <span class='ocrx_word' id='word_1_266' title='bbox 386 2550 461 2593; x_wconf 91' lang='lat' dir='ltr'>mare,</span> <span class='ocrx_word' id='word_1_267' title='bbox 476 2542 500 2583; x_wconf 90' lang='lat' dir='ltr'>et</span> <span class='ocrx_word' id='word_1_268' title='bbox 533 2533 718 2597; x_wconf 84' lang='lat' dir='ltr'>magnificentia</span> <span class='ocrx_word' id='word_1_269' title='bbox 731 2534 757 2581; x_wconf 89' lang='lat' dir='ltr'>in</span> <span class='ocrx_word' id='word_1_270' title='bbox 770 2533 965 2582; x_wconf 83' lang='lat' dir='ltr'>sanctificatione</span> 
     </span>
     <span class='ocr_line' id='line_1_38' title="bbox 65 2600 592 2666; baseline -0.006 -16"><span class='ocrx_word' id='word_1_271' title='bbox 65 2602 121 2666; x_wconf 93' lang='lat' dir='ltr'>ipse</span> <span class='ocrx_word' id='word_1_272' title='bbox 133 2601 190 2649; x_wconf 78' lang='lat' dir='ltr'>fecit</span> <span class='ocrx_word' id='word_1_273' title='bbox 208 2601 268 2649; x_wconf 92' lang='lat' dir='ltr'>illud</span> <span class='ocrx_word' id='word_1_274' title='bbox 285 2619 290 2649; x_wconf 91' lang='lat'>:</span> <span class='ocrx_word' id='word_1_275' title='bbox 308 2610 332 2649; x_wconf 91' lang='lat' dir='ltr'>et</span> <span class='ocrx_word' id='word_1_276' title='bbox 345 2601 436 2648; x_wconf 88' lang='lat' dir='ltr'>siccam</span> <span class='ocrx_word' id='word_1_277' title='bbox 448 2616 499 2647; x_wconf 87' lang='lat' dir='ltr'>ma·</span> <span class='ocrx_word' id='word_1_278' title='bbox 532 2600 592 2663; x_wconf 78' lang='lat' dir='ltr'>ejus,</span> 
     </span>
     <span class='ocr_line' id='line_1_39' title="bbox 65 2663 965 2729; baseline -0.004 -15"><span class='ocrx_word' id='word_1_279' title='bbox 65 2682 113 2715; x_wconf 90' lang='lat' dir='ltr'>nus</span> <span class='ocrx_word' id='word_1_280' title='bbox 125 2666 178 2729; x_wconf 86' lang='lat' dir='ltr'>ejus</span> <span class='ocrx_word' id='word_1_281' title='bbox 190 2665 363 2714; x_wconf 82' lang='lat' dir='ltr'>formaverunt.</span> <span class='ocrx_word' id='word_1_282' title='bbox 565 2665 661 2713; x_wconf 82' lang='lat' dir='ltr'>Afferte</span> <span class='ocrx_word' id='word_1_283' title='bbox 674 2663 791 2722; x_wconf 89' lang='lat' dir='ltr'>Domino,</span> <span class='ocrx_word' id='word_1_284' title='bbox 808 2664 894 2727; x_wconf 73' lang='lat' dir='ltr'>patriae</span> <span class='ocrx_word' id='word_1_285' title='bbox 906 2680 965 2726; x_wconf 75' lang='lat' dir='ltr'>gen·</span> 
     </span>
    </p>

    <p class='ocr_par' dir='ltr' id='par_1_13' title="bbox 66 2729 965 2983">
     <span class='ocr_line' id='line_1_40' title="bbox 100 2729 965 2794; baseline -0.005 -15"><span class='ocrx_word' id='word_1_286' title='bbox 100 2732 192 2780; x_wconf 88' lang='lat' dir='ltr'>Venite</span> <span class='ocrx_word' id='word_1_287' title='bbox 215 2733 346 2780; x_wconf 88' lang='lat' dir='ltr'>adoremus</span> <span class='ocrx_word' id='word_1_288' title='bbox 374 2738 399 2779; x_wconf 91' lang='lat' dir='ltr'>et</span> <span class='ocrx_word' id='word_1_289' title='bbox 418 2731 498 2794; x_wconf 91' lang='lat' dir='ltr'>proci·</span> <span class='ocrx_word' id='word_1_290' title='bbox 532 2731 602 2789; x_wconf 84' lang='lat' dir='ltr'>tium,</span> <span class='ocrx_word' id='word_1_291' title='bbox 624 2730 709 2778; x_wconf 84' lang='lat' dir='ltr'>afferte</span> <span class='ocrx_word' id='word_1_292' title='bbox 730 2729 840 2776; x_wconf 90' lang='lat' dir='ltr'>Domino</span> <span class='ocrx_word' id='word_1_293' title='bbox 860 2730 965 2791; x_wconf 84' lang='lat' dir='ltr'>gloriam</span> 
     </span>
     <span class='ocr_line' id='line_1_41' title="bbox 66 2794 965 2860; baseline -0.007 -14"><span class='ocrx_word' id='word_1_294' title='bbox 66 2798 156 2846; x_wconf 90' lang='lat' dir='ltr'>damus</span> <span class='ocrx_word' id='word_1_295' title='bbox 168 2805 192 2845; x_wconf 91' lang='lat' dir='ltr'>et</span> <span class='ocrx_word' id='word_1_296' title='bbox 205 2797 328 2860; x_wconf 90' lang='lat' dir='ltr'>ploremus</span> <span class='ocrx_word' id='word_1_297' title='bbox 340 2805 398 2844; x_wconf 88' lang='lat' dir='ltr'>ante</span> <span class='ocrx_word' id='word_1_298' title='bbox 410 2795 498 2844; x_wconf 91' lang='lat' dir='ltr'>Domi·</span> <span class='ocrx_word' id='word_1_299' title='bbox 532 2805 557 2844; x_wconf 88' lang='lat' dir='ltr'>et</span> <span class='ocrx_word' id='word_1_300' title='bbox 582 2796 725 2843; x_wconf 90' lang='lat' dir='ltr'>honorem:</span> <span class='ocrx_word' id='word_1_301' title='bbox 743 2794 827 2842; x_wconf 83' lang='lat' dir='ltr'>afferte</span> <span class='ocrx_word' id='word_1_302' title='bbox 854 2794 965 2841; x_wconf 88' lang='lat' dir='ltr'>Domino</span> 
     </span>
     <span class='ocr_line' id='line_1_42' title="bbox 66 2859 825 2925; baseline -0.005 -14"><span class='ocrx_word' id='word_1_303' title='bbox 66 2879 127 2911; x_wconf 88' lang='lat' dir='ltr'>num</span> <span class='ocrx_word' id='word_1_304' title='bbox 145 2862 189 2925; x_wconf 90' lang='lat' dir='ltr'>qui</span> <span class='ocrx_word' id='word_1_305' title='bbox 208 2862 265 2910; x_wconf 83' lang='lat' dir='ltr'>fecit</span> <span class='ocrx_word' id='word_1_306' title='bbox 285 2878 352 2910; x_wconf 88' lang='lat' dir='ltr'>nos:</span> <span class='ocrx_word' id='word_1_307' title='bbox 370 2861 429 2925; x_wconf 87' lang='lat' dir='ltr'>quia</span> <span class='ocrx_word' id='word_1_308' title='bbox 446 2861 499 2925; x_wconf 93' lang='lat' dir='ltr'>ipse</span> <span class='ocrx_word' id='word_1_309' title='bbox 531 2861 637 2924; x_wconf 85' lang='lat' dir='ltr'>gloriam</span> <span class='ocrx_word' id='word_1_310' title='bbox 650 2859 754 2908; x_wconf 89' lang='lat' dir='ltr'>Nomini</span> <span class='ocrx_word' id='word_1_311' title='bbox 766 2859 825 2922; x_wconf 87' lang='lat' dir='ltr'>ejus.</span> 
     </span>
     <span class='ocr_line' id='line_1_43' title="bbox 66 2924 965 2983; baseline -0.006 -7"><span class='ocrx_word' id='word_1_312' title='bbox 66 2937 103 2977; x_wconf 89' lang='lat' dir='ltr'>est</span> <span class='ocrx_word' id='word_1_313' title='bbox 117 2927 241 2975; x_wconf 90' lang='lat' dir='ltr'>Dominus</span> <span class='ocrx_word' id='word_1_314' title='bbox 254 2928 322 2975; x_wconf 86' lang='lat' dir='ltr'>Deus</span> <span class='ocrx_word' id='word_1_315' title='bbox 334 2936 417 2975; x_wconf 86' lang='lat' dir='ltr'>noster</span> <span class='ocrx_word' id='word_1_316' title='bbox 432 2944 438 2974; x_wconf 81' lang='lat' dir='ltr'>z</span> <span class='ocrx_word' id='word_1_317' title='bbox 566 2926 658 2974; x_wconf 91' lang='lat' dir='ltr'>Tollite</span> <span class='ocrx_word' id='word_1_318' title='bbox 670 2925 771 2983; x_wconf 88' lang='lat' dir='ltr'>hostias,</span> <span class='ocrx_word' id='word_1_319' title='bbox 786 2934 810 2972; x_wconf 91' lang='lat' dir='ltr'>et</span> <span class='ocrx_word' id='word_1_320' title='bbox 823 2924 922 2972; x_wconf 90' lang='lat' dir='ltr'>introite</span> <span class='ocrx_word' id='word_1_321' title='bbox 940 2924 965 2971; x_wconf 91' lang='lat' dir='ltr'>in</span> 
     </span>
    </p>

    <p class='ocr_par' dir='ltr' id='par_1_14' title="bbox 63 2990 969 3121">
     <span class='ocr_line' id='line_1_44' title="bbox 100 2990 969 3056; baseline -0.005 -17"><span class='ocrx_word' id='word_1_322' title='bbox 100 2993 132 3040; x_wconf 91' lang='lat' dir='ltr'>Et</span> <span class='ocrx_word' id='word_1_323' title='bbox 146 3008 191 3039; x_wconf 86' lang='lat' dir='ltr'>nos</span> <span class='ocrx_word' id='word_1_324' title='bbox 203 2993 309 3056; x_wconf 89' lang='lat' dir='ltr'>populus</span> <span class='ocrx_word' id='word_1_325' title='bbox 321 3008 420 3056; x_wconf 87' lang='lat' dir='ltr'>pascuae</span> <span class='ocrx_word' id='word_1_326' title='bbox 429 2991 499 3056; x_wconf 90' lang='lat' dir='ltr'>ejus:</span> <span class='ocrx_word' id='word_1_327' title='bbox 533 2992 596 3039; x_wconf 80' lang='lat' dir='ltr'>atria</span> <span class='ocrx_word' id='word_1_328' title='bbox 613 2991 666 3054; x_wconf 78' lang='lat' dir='ltr'>ejus</span> <span class='ocrx_word' id='word_1_329' title='bbox 682 3008 688 3039; x_wconf 85' lang='lat'>:</span> <span class='ocrx_word' id='word_1_330' title='bbox 705 2991 808 3038; x_wconf 83' lang='lat' dir='ltr'>adorate</span> <span class='ocrx_word' id='word_1_331' title='bbox 828 2990 969 3037; x_wconf 83' lang='lat' dir='ltr'>Dominum</span> 
     </span>
     <span class='ocr_line' id='line_1_45' title="bbox 63 3055 821 3121; baseline -0.005 -14"><span class='ocrx_word' id='word_1_332' title='bbox 63 3068 89 3107; x_wconf 86' lang='lat' dir='ltr'>et</span> <span class='ocrx_word' id='word_1_333' title='bbox 100 3073 160 3105; x_wconf 85' lang='lat' dir='ltr'>ores</span> <span class='ocrx_word' id='word_1_334' title='bbox 171 3073 257 3105; x_wconf 87' lang='lat' dir='ltr'>manus</span> <span class='ocrx_word' id='word_1_335' title='bbox 269 3057 328 3121; x_wconf 80' lang='lat' dir='ltr'>ejus.</span> <span class='ocrx_word' id='word_1_336' title='bbox 537 3059 565 3109; x_wconf 91' lang='lat' dir='ltr'>in</span> <span class='ocrx_word' id='word_1_337' title='bbox 576 3058 641 3109; x_wconf 86' lang='lat' dir='ltr'>atrio</span> <span class='ocrx_word' id='word_1_338' title='bbox 653 3065 745 3107; x_wconf 80' lang='lat' dir='ltr'>saneto</span> <span class='ocrx_word' id='word_1_339' title='bbox 756 3055 821 3119; x_wconf 59' lang='lat' dir='ltr'>eius.</span> 
     </span>
    </p>
   </div>
   <div class='ocr_carea' id='block_1_3' title="bbox 121 3132 171 3180">
    <p class='ocr_par' dir='ltr' id='par_1_15' title="bbox 121 3132 171 3180">
     <span class='ocr_line' id='line_1_46' title="bbox 121 3132 171 3180; baseline 0 0"><span class='ocrx_word' id='word_1_340' title='bbox 121 3132 171 3180; x_wconf 86' lang='lat'>²79</span> 
     </span>
    </p>
   </div>
   <div class='ocr_carea' id='block_1_4' title="bbox 0 0 1067 3532">
    <p class='ocr_par' dir='ltr' id='par_1_16' title="bbox 0 0 1067 3532">
     <span class='ocr_line' id='line_1_47' title="bbox 0 0 1067 3532; baseline 0 0"><span class='ocrx_word' id='word_1_341' title='bbox 0 0 1067 3532; x_wconf 95' lang='lat' dir='ltr'> </span> 
     </span>
    </p>
   </div>
  </div>
 </body>
</html>
