2116 3532
282 117 595 190 semianimumque
609 126 763 182 OEtinitatrm.

68 283 146 332 limre.
186 284 232 332 Ait
241 285 425 333 autemvillicus
434 285 498 334 intra
529 285 588 334 inde
599 286 642 333 alii
654 286 732 334 dixit:
750 285 790 334 Tu
806 302 865 334 vero
882 301 958 349 quan-

67 363 103 397 se:
123 348 194 410 Quid
207 349 304 408 faciam,
313 350 371 412 quia
382 350 497 398 dominus
529 358 583 399 turn
594 351 688 398 debes?
721 350 771 412 Qui
786 351 834 398 ait:
853 351 959 398 Centum

68 428 135 461 meus
146 413 499 464 aufertamevillicationem?
528 430 599 463 coros
616 415 696 463 tritici.
733 415 778 462 Ait
796 415 846 462 illi:
864 416 960 478 Accipe

67 476 150 526 fodere
176 493 229 525 non
251 478 330 536 valeo,
356 479 496 528 mendicare
528 479 623 527 litteras
646 487 707 536 tuas,
734 487 759 527 et
783 480 863 527 scribe
891 489 958 528 octo·

67 542 190 590 erubesco.
214 541 340 606 Scioquid
349 543 445 601 faciam,
460 552 494 602 ut,
527 544 603 606 ginta.
653 545 686 591 Et
709 543 819 591 laudavit
843 544 959 591 dominus

67 607 494 666 eumamotusfueroedificatione,
528 608 638 656 villicum
657 608 801 671 iniquitatis,
821 609 880 670 quia
902 625 958 671 pru·

67 671 185 734 recipiant
209 687 250 718 me
272 672 298 719 in
320 672 408 720 domos
430 688 493 720 suas.
528 673 615 720 denter
626 673 738 720 fecisset:
755 673 814 735 quia
831 672 875 719 filii
886 673 959 734 hujus

67 734 217 783 Convocatis
235 736 319 798 itaque
335 736 437 798 singulis
454 737 496 785 de·
528 737 611 784 saeculi
634 737 805 799 prudentiores
824 736 880 784 filiis
897 738 959 785 lucis

66 799 186 848 bitoribus
210 800 305 848 domini
328 801 372 859 sui,
398 802 497 849 dicebat
528 801 554 848 in
576 804 736 863 generatione
758 817 802 848 sua
824 809 887 849 sunt.
925 802 958 849 Et

66 864 301 926 primo:Quantum
309 865 385 913 debes
393 866 496 913 domino
528 881 575 927 ego
592 866 663 913 vobis
683 865 757 913 dico:
783 866 867 913 Facite
887 867 958 921 vobis

67 930 139 977 meo?
173 929 211 977 At
230 929 273 976 iile
292 929 371 977 dixit:
389 930 496 978 Centum
528 929 621 977 amicos
649 931 681 977 de
703 945 846 977 mammona
868 931 956 993 iniqui·

66 993 138 1041 cados
149 992 207 1041 olei
246 993 365 1056 Dixitque
377 994 428 1042 illi:
446 995 496 1042 Ac·
527 994 602 1041 tatis:
619 1001 646 1041 ut
659 1009 715 1042 cum
732 994 877 1054 defeceritis,
897 995 956 1042 reci-

66 1057 118 1120 cipe
135 1057 278 1106 cautionem
295 1066 376 1105 tuam:
394 1065 418 1106 et
438 1059 496 1106 sede
527 1058 598 1120 piant
626 1074 670 1105 vos
704 1059 729 1105 in
757 1067 849 1106 aetema
877 1061 957 1107 taber-

66 1121 119 1182 cito,
129 1122 211 1171 scribe
223 1122 408 1186 quinquaginta„
445 1123 496 1171 De·
526 1123 622 1170 nacula.

259 1283 391 1339 baninu
406 1283 510 1339 Bruma
527 1287 584 1352 nnat
602 1282 761 1338 titiuitatrm.

229 1393 329 1449 &flim-
526 1413 698 1487 operationum
721 1418 786 1469 sunt,
811 1411 956 1485 idemlvero

121 1499 492 1551 ATEANTauresmisericor·
527 1477 596 1551 Deu?
618 1493 661 1539 qm
684 1484 801 1550 ΟΡΕΨῙΨ
822 1491 907 1522 omma
930 1491 955 1522 ¹¹¹

526 1542 648 1589 omnibus.
698 1541 840 1602 Unicuique
873 1548 955 1586 autem

525 1606 599 1654 datur
614 1605 781 1653 manifestatio
800 1605 906 1666 Spiritus
923 1604 955 1650 ad

525 1670 663 1718 utilitatem.
713 1669 765 1717 Alii
788 1669 888 1732 quidem
912 1684 956 1730 per

526 1735 646 1798 Spiritum
678 1735 751 1781 datur
783 1749 863 1781 sermo
892 1733 955 1795 sapi·

134 1565 184 1612 diae
189 1572 246 1622 tuae,
255 1565 371 1625 Domine,
380 1568 493 1630 precibus

63 1629 272 1692 supplicantium
296 1639 320 1678 et
342 1639 369 1678 ut
388 1633 492 1694 petenti-

63 1692 107 1741 bus
118 1693 260 1742 desiderata
267 1695 395 1754 concedas,
405 1696 444 1744 fac
451 1712 493 1744 eos

64 1772 117 1820 quae
139 1758 187 1806 tibi
209 1758 303 1821 placita
329 1768 386 1807 sunt
409 1768 492 1823 postu·
665 1799 678 1809 ..
936 1798 941 1806 .

63 1821 118 1870 lam
175 1822 223 1870 Per
252 1823 337 1885 Jesum
366 1824 492 1872 Christum
525 1808 613 1874 entiae:
638 1799 680 1846 alu
704 1806 787 1845 autem
809 1813 891 1844 sermo
909 1813 953 1844 scr-

65 1885 202 1935 Dominum
213 1895 324 1935 nostrum
369 1891 449 1936 ΑΜ
525 1873 598 1911 entiae
616 1863 752 1911 secundum
775 1863 881 1910 eundem
899 1862 954 1923 Spi-

326 1926 331 1936 '
424 1928 430 1935 '
452 1928 457 1938 '
524 1929 613 1976 ritum:
639 1927 710 1974 alteri
734 1927 795 1974 fides
817 1927 843 1973 in
866 1927 954 1973 eodem

210 2010 327 2079 gwala
526 1993 634 2056 Spiritu:
660 1992 701 2038 alii
723 1991 803 2054 gratia
822 1991 955 2038 sanitatum

329 2055 335 2066 ’
524 2057 550 2104 in
569 2072 620 2104 uno
640 2056 749 2119 Spiritu:
778 2056 821 2102 alii
843 2055 954 2117 operatio

169 2129 234 2176 :Ad
248 2129 304 2178 Cor.
317 2130 356 2178 xii.
372 2144 390 2178 r.
523 2121 649 2178 virtutum,
678 2120 720 2167 alii
748 2119 886 2182 prophetia,
912 2118 954 2165 alii

65 2187 153 2312 DE
176 2204 344 2267 spiritualibus
366 2206 425 2254 nolo
447 2222 492 2255 vos
523 2185 638 2232 discretio
653 2185 791 2248 spirituum,
806 2183 847 2230 aiii
864 2198 955 2244 genera

157 2268 272 2331 ignorare
289 2270 375 2318 fratres
418 2271 492 2319 Scitis
522 2249 671 2312 linguarum,
705 2249 747 2295 alii
784 2247 953 2309 interpretatio

272 2306 279 2329 '
376 2307 381 2319 '
522 2329 671 2362 sermonum.
704 2311 954 2360 Haecautemomnia

523 2385 638 2440 operatur
649 2393 712 2424 unus
727 2384 801 2439 atque
818 2375 885 2422 idem
898 2375 953 2437 Spi-

616 2442 730 2490 dividens
752 2439 855 2502 singulis
880 2447 954 2502 prout

62 2332 179 2395 quoniam
206 2349 262 2381 cum
288 2343 374 2397 gentes
397 2337 488 2395 essetiS,

62 2397 91 2444 ad
132 2397 267 2446 simulacra
307 2407 376 2447 muta
417 2408 491 2463 prout
537 2446 541 2454 ‚

62 2461 219 2510 ducebamini
236 2469 327 2512 euntes.
366 2464 427 2512 ideo
446 2480 490 2512 no·
523 2451 590 2501 Μ’

62 2531 112 2574 tum
134 2527 208 2575 vobis
231 2527 302 2586 facio,
326 2528 394 2591 quod
416 2545 490 2576 nemo
522 2507 581 2554 mli·

60 2589 84 2638 in
103 2591 201 2654 Spiritu
221 2591 270 2639 Dei
291 2592 402 2654 loquens,
430 2592 491 2641 dicit

60 2656 194 2703 anathema
202 2655 269 2719 Jesu.
306 2657 339 2704 Et
354 2672 428 2705 nemo
446 2673 490 2720 po·
647 2661 819 2731 Ehauggfium,

60 2726 104 2768 test
117 2720 208 2777 dicere,
219 2720 343 2769 Dominus
352 2722 432 2784 Jesus‚
442 2722 490 2770 nisi
626 2756 686 2805 SL
767 2756 772 2766 ·
829 2766 838 2799 Ι

58 2783 193 2848 inSpiritu
211 2783 310 2833 Sancto.
348 2786 490 2834 Divisiones
646 2794 652 2804 '
686 2768 848 2813 ucaem'4'

58 2863 116 2896 vero
150 2848 286 2910 gratiarum
320 2857 384 2908 sunt,
422 2851 489 2899 idem
588 2852 611 2899 T
630 2859 658 2900 ut
679 2851 802 2914 appropin
821 2849 896 2908 navit,
911 2850 951 2909 ‚vi-

57 2920 140 2961 autem
152 2911 269 2975 Spiritus.
306 2914 340 2962 Et
356 2915 489 2964 divisiones
609 2917 670 2963 dens
677 2866 952 2976 civitatemdevitsuper

57 2977 267 3025 ministrationum
284 2986 348 3037 sunt,
362 2979 429 3027 idem
446 2996 488 3028 au·
522 2979 599 3041 illam,
621 2981 720 3028 dicens:
747 2980 813 3042 Quia
829 2980 849 3028 si
861 2994 951 3041 cogno·

57 3048 106 3090 tem
126 3041 255 3088 Dominus.
299 3042 335 3089 Et
351 3043 485 3095 divisiones
521 3044 969 3115 vissesettu,etqurdeminbacdxe

112 3113 161 3158 103
