2116 3532
10 224 13 303 l
71 286 228 339 braxin.
467 281 579 350 natat.
841 282 887 333 aa
900 283 964 347 usp.

65 410 244 475 probrantium
279 410 326 460 tibi
362 410 503 460 ceciderunt
536 409 673 459 tristaretur
685 416 709 458 et
726 425 777 458 non
794 409 840 457 suit
858 427 864 456 z
882 416 906 457 et
924 409 966 473 qui

66 493 144 542 suaper
155 493 205 526 me
538 476 713 533 consolaretur,
729 483 753 523 et
765 491 815 523 non
828 475 918 523 inveni.

102 544 137 592 Et
149 542 239 607 operui
250 541 276 589 in
285 540 381 604 jejunio
393 541 503 589 animam
571 541 603 588 Et
616 541 736 589 dederunt
753 541 779 588 in
790 556 872 588 escam
885 556 966 588 meam

68 623 154 656 meam
170 627 177 656 ε
190 617 215 656 et
227 606 365 671 factumest
377 608 403 654 in
412 623 503 670 oppro·
538 606 588 655 sel:
611 615 635 654 et
648 607 673 653 in
689 607 730 654 siti
746 621 802 654 mea
818 615 966 669 potaverunt

10 730 12 741 Ι
69 674 153 722 brium
165 673 236 721 mihi.
539 687 578 719 me
590 679 668 719 aceto.

10 746 13 763 ,

102 739 137 788 Et
149 739 223 803 posui
234 737 409 786 vestimentum
420 753 504 785 meum
570 737 627 784 Fiat
655 752 742 784 mensa
769 752 855 784 eorum
883 752 967 784 coram

10 824 15 855 r
71 804 202 853 cilicium:
224 811 249 852 et
260 803 339 851 lactus
350 819 405 850 sum
417 803 467 850 illis
478 803 504 850 in
537 802 597 865 ipsis
609 802 635 849 in
646 802 763 865 laqueum
781 819 787 849 :
805 810 829 850 et
850 803 875 849 in
899 805 967 849 retri-

71 868 227 934 parabolam.
538 867 653 915 butiones
665 876 689 915 et
701 868 726 914 in
739 867 891 915 scandalum.

103 936 249 982 Adversum
271 950 312 982 me
339 932 505 997 loquebantur
570 933 740 981 Obscurentur
751 932 816 980 oculi
833 948 917 980 eorum
937 948 968 979 ne

71 1000 115 1065 qui
133 1000 255 1048 sedebant
275 1000 300 1047 in
320 1008 393 1062 porta
412 1007 459 1047 :et
478 999 504 1046 in
536 998 637 1046 videant
664 1015 670 1046 :
699 1006 723 1045 et
751 998 853 1045 dorsum
882 1014 967 1046 eorum

72 1081 112 1114 me
139 1065 281 1129 psallebant
315 1065 357 1128 qui
385 1064 505 1113 bibebant
538 1079 637 1126 semper
649 1063 756 1111 incurva

73 1130 168 1179 vinum.
571 1129 677 1176 Effunde
686 1144 758 1191 super
766 1144 809 1176 eos
817 1129 877 1175 iram
888 1136 968 1176 tuam:

106 1196 163 1258 Ego
182 1211 242 1244 vero
262 1195 400 1242 orationem
423 1209 504 1242 meam
539 1201 564 1242 et
580 1193 648 1242 furor
659 1195 701 1242 irae
713 1203 761 1242 tuae
773 1194 967 1257 comprehendat

75 1261 108 1309 ad
121 1269 155 1320 te,
171 1261 282 1309 Domine
297 1268 413 1324 :tempus
430 1260 505 1308 bene·
537 1274 587 1307 cos.

73 1326 168 1390 placiti,
183 1327 260 1374 Deus.
571 1325 628 1372 Fiat
637 1324 759 1372 habitatio
767 1340 852 1372 eorum
860 1324 967 1372 deserta:

106 1392 137 1440 In
152 1391 313 1439 multitudine
330 1390 505 1438 misericordiae
537 1397 562 1437 et
581 1391 607 1436 in
626 1390 791 1437 tabernaculis
810 1405 896 1437 eorum
916 1405 968 1437 non

75 1465 122 1505 tuae
145 1456 236 1505 exaudi
258 1472 299 1504 me
322 1474 329 1504 z
353 1456 379 1503 in
402 1456 506 1504 veritate
536 1455 568 1502 sit
580 1455 622 1518 qui
634 1454 763 1502 inhabitet.

75 1522 160 1570 salutis
171 1529 228 1570 tuae.
571 1521 698 1581 Quoniam
721 1535 795 1583 quem
819 1526 845 1566 tu
869 1535 968 1581 percus·

106 1588 184 1650 Eripe
207 1602 248 1635 me
270 1586 302 1634 de
324 1585 385 1643 luto,
406 1591 433 1633 ut
454 1601 505 1634 non
536 1585 596 1643 sisti,
611 1586 734 1648 persecuti
752 1593 830 1632 sunt:
850 1595 874 1632 et
893 1601 968 1647 super

76 1651 163 1716 infigar
181 1652 285 1701 :libera
304 1667 344 1699 me
362 1652 394 1699 ab
413 1652 443 1699 iis
463 1652 506 1715 qui
537 1651 650 1698 dolorem
662 1651 791 1698 vulnerum
801 1666 912 1697 meorum
925 1650 967 1697 ad·

77 1718 180 1767 oderunt
203 1733 251 1776 me,
274 1725 299 1765 et
321 1717 354 1765 de
375 1717 505 1780 profundis
537 1716 661 1763 diderunt.

77 1797 203 1848 aquarum.
571 1782 682 1844 Appone
709 1781 866 1844 iniquitatem
895 1796 968 1843 super

105 1849 168 1897 Non
179 1863 221 1896 me
230 1847 358 1909 demergat
370 1853 505 1910 tempestas
538 1847 695 1909 iniquitatem
707 1863 793 1894 eorum
809 1864 814 1893 :
827 1854 851 1894 et
863 1862 914 1893 non
932 1846 967 1893 in-

77 1927 144 1978 aquae
174 1931 180 1961 z
206 1928 288 1976 neque
311 1912 443 1960 absorbeat
465 1928 506 1960 me
538 1919 602 1959 trent
615 1912 772 1974 injustitiam
784 1920 859 1959 tuam.

75 1979 506 2041 profundum5nequeurgeatsuper
572 1977 710 2025 Deleantur
731 1978 764 2024 de
792 1977 856 2024 libro
884 1976 967 2023 viven-

10 2082 14 2091 .
76 2059 114 2093 me
126 2053 219 2108 puteus
231 2059 259 2091 os
270 2059 349 2090 suum.
538 2042 600 2089 tium
618 2060 623 2089 :
641 2051 666 2090 et
683 2059 740 2090 curn
754 2042 827 2104 justis
844 2057 895 2089 non
911 2041 968 2089 scri·

104 2107 505 2171 Exaudime,Domine‚quonlam
538 2108 637 2155 buntur.

73 2173 183 2238 benigna
200 2181 238 2222 est
252 2174 420 2222 misericordia
438 2182 481 2221 tua
500 2191 506 2221 :
573 2173 628 2235 Ego
639 2188 694 2220 sum
710 2188 805 2236 pauper
820 2179 844 2220 et
862 2171 967 2219 dolens:

10 2260 15 2281 ·-
72 2240 213 2289 secundum
231 2239 416 2286 multitudinem
433 2239 505 2286 mise·
538 2237 604 2285 salus
616 2246 665 2296 tua,
682 2238 758 2296 Deus,
773 2238 880 2299 suscepit
892 2252 939 2284 me.

10 2306 15 2351 Ξ
72 2307 200 2354 rationum
208 2314 306 2353 tuarum
315 2305 409 2367 respice
418 2304 443 2351 in
456 2319 502 2352 me.
572 2304 694 2350 Laudabo
718 2303 817 2351 Nomen
843 2303 891 2349 Dei
912 2317 968 2349 cum

105 2372 142 2419 Et
157 2385 192 2417 ne
202 2377 298 2417 avertas
311 2369 399 2416 faciem
411 2375 480 2415 tuam
492 2385 507 2416 a
539 2369 637 2416 cantico
657 2386 663 2416 ε
681 2376 705 2416 et
725 2367 891 2430 magnificabo
912 2383 969 2414 eum

10 2450 12 2455 ·
70 2451 153 2501 puero
170 2443 237 2483 tuo:
255 2435 373 2498 quoniam
392 2434 504 2492 tribulor,
539 2434 565 2481 in
577 2433 668 2480 laude:

72 2501 196 2550 velociter
207 2500 296 2548 exaudi
308 2515 355 2547 me.
572 2499 606 2546 Et
623 2498 732 2561 placebit
749 2498 805 2546 Deo
821 2514 894 2560 super
906 2497 969 2544 vitu-

105 2565 312 2614 Intendeanimae
319 2581 389 2624 meac,
397 2572 422 2612 et
429 2564 508 2612 libera
539 2563 591 2611 lunr
608 2564 735 2611 novellum
751 2579 861 2611 :cornua
878 2563 969 2626 proclu-

71 2647 130 2680 eam
152 2648 159 2678 z
184 2638 286 2694 propter
305 2630 419 2678 inimicos
439 2645 507 2677 meos
539 2637 636 2677 centem
648 2636 672 2676 et
684 2628 795 2690 ungulas.

72 2698 142 2760 eripe
154 2711 203 2743 me.
572 2694 681 2741 Videant
702 2709 823 2757 pauperes
841 2700 865 2740 et
885 2692 970 2740 laeten-

107 2761 210 2810 Tuscis
227 2760 406 2824 improperium
423 2776 507 2808 meum
540 2767 579 2807 tur
600 2759 726 2822 :quarite
747 2759 838 2817 Deum,
860 2766 884 2805 et
905 2759 970 2806 vivet

74 2835 99 2876 et
117 2826 289 2875 confusionem
306 2841 405 2874 meam:
429 2833 453 2873 et
470 2841 507 2873 re·
539 2825 622 2872 anima
634 2833 721 2872 vestra.

75 2892 215 2941 verentiam
226 2907 315 2939 meam.
573 2890 699 2952 Quoniam
712 2888 838 2937 exaudivit
849 2903 971 2951 pauperes

110 2959 141 3005 In
152 2965 286 3019 conspectu
298 2965 342 3004 tuo
352 2963 409 3003 sunt
421 2971 508 3003 omnes
541 2955 666 3002 Dominus
682 2973 688 3002 2
701 2963 725 3002 et
737 2955 834 3002 vinctos
851 2970 907 3001 suos
920 2969 971 3000 non

76 3023 118 3086 qui
131 3021 250 3070 tribulant
260 3037 300 3069 me
313 3021 507 3084 :improperium
540 3021 660 3084 despexit.

77 3087 229 3151 exspectavit
246 3102 383 3135 cormeum
395 3095 420 3135 et
436 3087 508 3134 mise·
574 3086 688 3133 Laudent
700 3085 771 3132 illum
784 3084 840 3132 coeli
852 3092 876 3130 et
888 3091 953 3130 terra
965 3100 970 3131 :

77 3153 146 3201 riam.
540 3167 609 3200 mare
621 3158 646 3200 et
657 3152 744 3200 omnia
752 3149 856 3214 reptilia
863 3149 894 3195 iu
903 3149 948 3194 eis.

104 3218 141 3263 Et
150 3216 256 3263 sustinui
277 3215 321 3279 qui
348 3216 423 3267 simul
448 3233 507 3268 con·
577 3218 712 3284 Quoniam
720 3211 998 3267 Deussalvamlae'xet

128 3287 182 3334 259
