2116 3532
49 259 116 308 Dies
128 260 217 310 XXX.

53 402 137 451 coelos
166 409 230 462 sunt,
260 402 361 451 laudent
390 402 491 452 Nomen

53 467 171 517 Domini.

91 534 160 596 Quia
187 533 241 597 ipse
271 534 341 592 dixit,
373 540 398 582 et
425 533 492 582 sacta

55 609 115 648 sunt
132 617 138 646 :
155 599 209 662 ipse
221 599 358 659 mandavit,
373 607 397 648 et
409 608 492 648 creata

55 672 123 713 sunt.

92 730 186 778 Statuit
198 746 228 777 ea
243 730 268 777 in
286 737 413 788 aeternum,
429 730 490 778 etin

55 795 177 843 saeculum
200 795 284 843 saeculi
309 813 315 844 ε
338 803 490 858 praeceptum

56 860 149 923 posuit,
165 867 189 908 et
201 877 251 907 non
263 861 406 923 praeteribit.

91 925 206 973 Laudate
218 924 355 974 Dominum
365 926 397 973 de
409 933 473 973 terra
485 944 490 974 :

57 990 186 1049 dracones,
202 998 226 1038 et
238 1007 324 1038 omnes
336 991 425 1053 abyssi.

92 1056 169 1117 Ignis,
191 1056 296 1118 grando,
319 1056 369 1115 nix,
388 1055 488 1118 glacieS,

57 1120 159 1184 spiritus
178 1121 365 1184 procellarum:
383 1137 438 1184 quae
456 1122 491 1169 la·

58 1186 127 1235 ciunt
140 1187 243 1233 verbum
255 1186 314 1248 ejus.

92 1252 202 1309 Montes,
228 1259 253 1299 et
278 1267 364 1299 omnes
388 1251 463 1299 colles
485 1269 490 1300 :

57 1315 126 1380 ligna
137 1316 269 1375 fructifera,
282 1323 306 1364 et
315 1332 400 1364 omnes
413 1317 487 1364 cedri.

91 1382 190 1441 Bestiae,
209 1389 234 1430 et
250 1382 364 1430 universa
381 1398 490 1444 pecora:

58 1455 192 1510 serpentes
204 1455 228 1495 et
236 1447 348 1495 volucres
358 1456 472 1510 pennatae
484 1466 490 1495 ι

91 1513 174 1576 Reges
194 1520 273 1570 terrae,
296 1520 320 1560 et
341 1528 426 1560 omnes
446 1529 490 1576 po·

57 1579 109 1642 puli
130 1578 279 1642 :principes
302 1586 326 1626 et
346 1594 432 1626 omnes
450 1578 489 1641 ju·

56 1644 124 1692 dices
137 1651 215 1692 terrae.

86 1710 196 1774 Juvenes
225 1715 249 1756 et
276 1707 392 1770 virgines,
419 1725 490 1757 senes

57 1790 112 1823 cum
118 1773 266 1836 junioribus,
277 1774 379 1821 laudent
388 1773 489 1822 Nomen

56 1839 160 1888 Domini
181 1858 187 1887 ι
210 1839 270 1903 quia
292 1839 427 1886 exaltatum
453 1848 490 1888 est

56 1905 159 1953 Nomen
171 1904 223 1967 ejus
235 1903 318 1952 solius.

89 1969 221 2018 Confessio
238 1969 290 2031 ejus
308 1985 382 2032 super
397 1969 489 2017 coelum

54 2044 79 2084 et
99 2044 191 2084 terram
212 2053 218 2083 ε
236 2043 260 2082 et
277 2035 395 2082 exaltavit
413 2051 489 2083 cornu

54 2101 201 2165 populisui.

89 2167 208 2229 Hymnus
245 2165 360 2213 omnibus
398 2166 488 2213 sanctis

54 2230 108 2294 ejus
126 2249 132 2279 :
153 2230 210 2279 filiis
228 2231 312 2288 Israel,
332 2230 427 2293 populo
444 2247 487 2294 ap·

53 2295 235 2361 propinquanti
246 2296 302 2344 sibi.
339 2295 456 2344 Alleluia.

136 2494 268 2541 Psnnnus
286 2491 407 2540 CXLIX.

116 2621 268 2670 ANTATE
286 2619 396 2668 Domino
411 2620 487 2668 canti·

148 2702 205 2736 cum
225 2702 342 2733 novum:
361 2685 415 2733 laus
435 2685 488 2748 ejus

53 2754 79 2802 in
91 2752 197 2802 ecclesia
209 2759 357 2799 sanctorum.

87 2820 198 2867 Laetetur
226 2816 303 2864 Israel
331 2816 357 2863 in
385 2831 415 2863 eo
444 2815 486 2878 qui

52 2884 112 2933 iecit
129 2900 205 2932 eum:
223 2889 247 2929 et
265 2880 308 2928 filii
328 2881 389 2929 Sion
407 2880 486 2928 exsul-

53 2958 106 2998 tent
119 2950 190 3012 Rege
202 2962 253 2995 su0.

85 3014 202 3063 Laudent
234 3012 335 3060 Nomen
373 3010 425 3074 ejus
460 3010 486 3058 in

452 260 562 328 ilsatmi.

825 269 871 318 Ad
886 270 949 333 Vrsp.

525 403 602 451 choro
615 421 620 451 :
632 403 657 450 in
670 410 790 466 tympano
802 410 826 451 et
838 402 955 466 psalterio

523 468 631 531 psallant
644 469 684 516 ei:

558 534 625 595 Quia
644 534 829 597 beneplacitum
849 541 884 581 est
903 534 955 580 Do-

524 598 592 646 mino
604 599 630 646 in
642 598 736 662 populo
748 615 793 646 suo
806 617 812 647 ε
824 607 848 646 et
865 599 955 646 exalta·

524 664 560 712 bit
573 672 716 712 mansuetos
727 665 753 711 in
765 663 878 712 salutem.

557 730 724 777 Exsultabunt
733 730 811 777 sancti
821 730 846 776 in
857 729 937 791 gloria
949 748 954 776 :

524 794 674 843 laetabuntur
686 795 711 842 in
724 795 846 842 cubilibus
857 795 913 842 suis.

558 860 728 908 Exaltationes
746 859 793 908 Dei
814 861 840 907 in
858 867 956 921 gutture

525 941 610 972 eorum
626 943 632 973 ε
649 934 673 973 et
693 924 771 987 gladii
791 925 912 988 ancipites
931 925 955 971 in

524 991 639 1037 manibus
651 1006 736 1038 eorum
748 1008 754 1038 2

559 1056 601 1102 Ad
620 1055 759 1104 faciendam
776 1054 912 1102 vindictam
930 1055 955 1101 in

524 1121 666 1168 nationibus
688 1139 694 1169 r
720 1121 902 1184 increpationes
929 1120 955 1167 in

524 1186 630 1249 populis.

557 1251 599 1298 Ad
620 1250 760 1313 alligandos
780 1267 850 1313 reges
870 1267 955 1297 eorum

523 1316 549 1362 in
562 1317 724 1379 compedibus
740 1335 745 1364 :
764 1324 787 1364 et
800 1316 896 1364 nobiles
915 1332 955 1363 co·

523 1397 578 1429 rum
589 1382 615 1428 in
628 1381 731 1429 manicis
743 1381 833 1429 ferreis.

559 1447 594 1496 Ut
617 1446 708 1495 saciant
728 1447 753 1495 in
777 1446 811 1494 eis
832 1446 954 1508 judicium

523 1511 690 1575 conscriptum
713 1529 719 1559 τ
741 1512 821 1574 gloria
841 1513 894 1558 lraec
918 1522 952 1558 est

522 1578 638 1625 omnibus
647 1577 738 1625 sanctis
747 1577 806 1639 ejus.
834 1576 950 1624 Alleluia.

637 1774 769 1821 Psnnmus
788 1773 840 1822 CL.

567 1901 723 1950 AUDATE
758 1901 895 1948 Dominum
927 1902 951 1948 in

608 1967 699 2014 sanctis
708 1967 760 2029 ejus
773 1985 779 2014 t
788 1967 888 2014 laudate
897 1983 952 2014 eum

520 2032 546 2079 in
559 2030 716 2079 firmamento
729 2032 825 2079 virtutis
838 2032 896 2094 ejus.

554 2097 667 2145 Laudate
693 2113 749 2144 eum
772 2097 798 2144 in
821 2097 952 2144 virtutibus

520 2161 572 2225 ejus
593 2181 599 2211 :
619 2162 719 2210 laudate
740 2178 796 2210 cum
817 2163 952 2209 secundum

520 2227 706 2276 multitudinem
773 2228 952 2290 magnitudinis

520 2292 579 2355 ejus.

553 2358 666 2406 Laudare
679 2374 735 2406 eum
750 2357 775 2404 in
788 2373 849 2404 sono
867 2358 951 2405 tubae:

519 2423 620 2471 laudate
648 2439 705 2471 eum
733 2423 759 2470 in
786 2422 903 2486 psalterio
927 2434 950 2470 et

520 2488 621 2537 cithara.

553 2554 666 2601 Laudare
684 2569 741 2601 eum
756 2552 781 2600 in
795 2560 914 2615 tympano
927 2562 950 2600 et

520 2619 597 2666 choro
610 2637 616 2666 :
628 2618 727 2666 laudate
737 2633 793 2666 eum
803 2619 828 2665 in
840 2618 947 2674 chordis,

520 2692 543 2732 et
556 2699 656 2747 organo.

553 2749 666 2796 Laudate
695 2765 752 2796 eum
779 2748 804 2795 in
831 2748 951 2810 cymbalis

519 2814 747 2872 berresonantibu53
770 2813 871 2861 laudate
894 2830 950 2860 cum

519 2879 545 2926 in
557 2878 677 2941 cymbalis
687 2878 842 2942 jubilationis
854 2897 858 2926 :
870 2879 951 2926 omnis

519 2945 619 3007 spiritus
629 2945 712 2993 laudet
723 2944 867 2992 Dominum.
905 2944 950 2991 Al·

518 3009 601 3058 leluia.
