2100 3524
123 266 242 315 Disslx'.
504 265 619 333 iteum.

113 405 199 469 inique
220 420 273 453 non
295 403 390 468 egimus
419 403 445 451 in
472 408 546 450 testa·
616 404 708 469 Specie
728 412 770 454 tua
786 411 808 453 et
822 400 880 467 pulei

114 480 199 520 mento
212 478 261 518 tuo.
581 474 643 518 tua:
677 470 784 528 intende,
808 483 880 533 prospe

149 537 182 584 Et
211 552 261 584 non
290 538 390 583 recessit
418 542 484 582 retro
506 548 550 581 eor
584 536 654 593 cede,
669 543 693 584 et
706 552 785 599 regna.

114 611 244 650 nostrum:
261 608 286 649 et
301 600 431 648 declinasti
447 599 548 647 semitas
616 601 724 664 Propter
745 601 880 655 veritatem*

114 676 211 716 nostras
222 683 237 714 a
249 667 289 714 via
300 674 350 714 tua.
582 666 749 725 suetudinem,
772 675 795 714 et
817 662 880 727 justiti

148 732 275 794 Quoniam
294 730 430 779 humiliasti
453 746 499 778 nos
521 730 547 777 in
581 731 689 780 deducet
710 740 736 780 te
751 729 876 779 mirabiliter

115 797 171 846 loeo
191 796 349 844 afflictionis:
377 804 402 844 et
421 796 550 859 cooperuit
581 803 633 845 tua

115 879 161 911 nos
172 863 261 910 umbra
272 861 366 910 mortis.
616 862 723 926 Sagittae
739 869 786 910 tuae
803 866 880 915 acutae;

150 928 177 976 Si
190 927 261 976 obliti
278 943 363 975 sumus
380 927 482 974 Nomen
499 925 549 973 Dei
582 927 629 975 sub
645 938 670 976 te
682 928 788 976 cadent:
806 927 829 974 in
839 924 880 973 cori

115 993 208 1042 nostri:
220 1000 244 1040 et
256 993 276 1040 si
286 992 451 1055 expandimus
462 1007 550 1039 manus
582 1007 669 1040 corum
681 994 753 1056 regis.

115 1068 211 1107 nostras
223 1058 342 1105 addeum
354 1056 470 1104 alienum.
617 1058 695 1106 Sedes
706 1069 756 1116 tua,
769 1058 838 1113 Deus,
851 1055 872 1102 in

149 1124 243 1171 Nonne
263 1124 332 1171 Deus
355 1122 462 1185 requiret
485 1121 551 1170 ista?
582 1123 685 1171 saeculi:
703 1124 773 1187 virga
788 1121 880 1171 directior

116 1189 170 1252 ipse
199 1189 266 1237 enim
298 1188 369 1235 novit
402 1187 551 1235 abscondita
582 1189 652 1250 regni
664 1188 708 1237 tui.

117 1254 206 1303 cordis.
616 1254 734 1302 Dilexisti
748 1253 866 1318 justitiam,

150 1319 277 1381 Quoniam
299 1325 401 1382 propter
424 1324 449 1366 te
464 1317 550 1365 morti·
581 1318 755 1382 iniquitatem:
788 1328 880 1383 propter

117 1383 221 1432 ficamur
252 1392 305 1432 tota
338 1384 400 1431 die:
434 1383 550 1430 aestimati
582 1391 607 1432 te
619 1384 697 1442 Deus,
714 1385 783 1433 Deus
799 1395 880 1439 muso

117 1466 201 1499 sumus
213 1449 276 1497 sicut
288 1465 347 1497 oves
358 1448 497 1496 occisionis.
582 1449 624 1497 tiae
636 1464 688 1513 prae
699 1450 849 1498 consortibus
859 1459 880 1494 tu

151 1516 271 1577 Exsurge,
302 1530 378 1578 quare
412 1513 548 1572 obdormis,
616 1514 728 1577 Myrrha,
744 1523 768 1563 et
784 1523 879 1578 guttae

118 1580 246 1628 Domine?
273 1595 377 1642 exsurge
406 1585 431 1626 et
459 1594 491 1626 ne
512 1594 550 1627 re·
582 1579 738 1629 vestimentis
766 1581 819 1638 tuis,
846 1594 860 1625 a

117 1646 196 1710 pellas
208 1645 233 1692 in
252 1644 333 1692 finem.
583 1645 715 1693 eburneis:
737 1661 767 1693 ex
778 1641 880 1709 quibusd

152 1711 235 1772 Quare
250 1710 338 1758 faciem
356 1716 425 1757 tuam
442 1709 552 1757 avertisr
583 1717 639 1758 runt
657 1718 683 1759 te
695 1710 768 1759 Filiae
784 1708 880 1773 regumi

118 1776 271 1824 oblivisceris
294 1775 385 1837 inopiae
412 1782 504 1823 nostroe
527 1782 551 1822 et
584 1783 633 1823 tuo.

119 1841 284 1889 tribulationis
296 1842 406 1887 nostroe?
617 1841 704 1888 nstitit
726 1839 879 1903 reginarde

152 1907 278 1968 Quoniam
302 1906 432 1952 lrurrriliata
461 1913 497 1952 est
527 1905 552 1952 in
584 1906 610 1952 in
620 1907 709 1954 vestitu
719 1905 877 1954 deauratozei

118 1972 219 2035 pulvere
232 1973 315 2018 anima
330 1980 414 2018 nostra
430 1989 435 2018 :
450 1971 551 2032 conglu·
584 1972 709 2019 varietate.

119 2039 210 2085 tinatus
239 2045 276 2085 est
310 2037 335 2083 in
369 2045 433 2083 terra
467 2045 553 2083 venter
618 2037 686 2083 Audi
701 2037 759 2094 tilia,
774 2037 867 2087 etridc.

119 2110 209 2150 noster.
584 2118 668 2149 aurem
682 2112 765 2150 tuam:
784 2114 806 2150 et
816 2101 880 2149 oblisi

152 2169 271 2230 Exsurge,
309 2167 426 2224 Domine,
462 2165 553 2228 adjura
584 2168 670 2229 pulum
686 2176 765 2226 tuum,
780 2178 803 2216 et
820 2169 880 2214 dorm

118 2250 180 2282 nos:
210 2242 233 2280 et
257 2233 350 2280 redime
378 2249 423 2279 nos
451 2240 553 2295 propter
585 2233 627 2279 tui.

120 2300 220 2347 Nomen
233 2307 310 2346 tuum.
619 2298 650 2345 Et
668 2299 824 2362 concupiscet
841 2314 878 2344 rex

379 2413 388 2427 v
584 2370 671 2410 tuum:
698 2366 816 2427 quoniam
835 2365 880 2426 ipse

223 2416 353 2462 PsnLMUS
367 2413 445 2461 ›XLV-
586 2429 667 2475 rrrirrus
681 2430 751 2477 Deus·
764 2441 827 2487 tuus,
841 2439 880 2477 et:

186 2492 375 2540 RUCTAVIT
404 2507 552 2538 cormeum
585 2510 648 2541 eum.

125 2502 179 2626 E
210 2556 552 2618 verbumbonumzdicoego
620 2560 650 2606 Et
667 2558 724 2607 filiae
737 2560 797 2622 Tyri
816 2562 839 2608 in
856 2576 877 2605 m

119 2640 195 2686 opera
207 2639 263 2670 mea
275 2622 331 2684 regi.
584 2624 679 2671 vultum
715 2636 785 2673 tuum
819 2628 880 2687 depr

153 2689 250 2750 Lingua
263 2704 317 2734 mea
329 2687 437 2734 calamus
449 2687 551 2734 scribae:
584 2706 671 2736 ornnes
683 2690 773 2737 diuites
787 2692 870 2754 plebi.

119 2754 237 2801 velociter·
248 2753 384 2800 scribentis.
618 2755 707 2801 Omnis
719 2756 799 2817 gloria
811 2757 861 2818 ejus
871 2755 880 2801 ι’

153 2820 287 2880 Speciosus
314 2818 393 2864 sorma
415 2834 466 2879 prae
495 2816 551 2864 filiis
584 2820 616 2865 ab
641 2821 713 2877 nnus,
740 2821 765 2867 in
791 2822 877 2868 tirrrlnij

118 2882 265 2941 hominum3
283 2883 371 2930 diflusa
383 2892 418 2930 est
435 2883 514 2944 gratia
526 2883 551 2929 in
584 2885 769 2933 circunmmictn
783 2889 880 2934 varie-tm

118 2948 191 2995 labiis
204 2948 266 2995 tuis:
285 2959 416 3011 propterea
425 2948 551 2996 benedixit
618 2950 784 2998 Adduccutur
821 2954 879 3014 Regi

118 3020 143 3061 te
155 3014 224 3061 Deus
236 3013 262 3060 in
274 3023 401 3061 aternum.
584 3024 639 3077 post
658 3032 712 3062 enm
726 3035 731 3063 :
752 3020 871 3080 proxirrm·

151 3078 290 3140 Accingere
308 3078 392 3140 gladio
413 3085 456 3126 tuo
479 3095 552 3142 super
584 3091 667 3128 rentur·
680 3081 732 3129 tibi.

117 3140 198 3193 femur
210 3150 296 3190 tuum:
314 3144 492 3206 potentissime.
617 3146 760 3195 riderentur
782 3149 808 3197 in
830 3150 877 3198 leri

183 3219 234 3269 244
