2116 3532
299 111 376 169 ,aaut
393 112 543 182 §multatae
559 115 740 177 mortuarum.

74 272 78 279 ·
106 257 133 305 Et
142 274 206 307 nunc
217 274 274 322 quae
290 264 327 307 est
344 260 496 323 exspectatio
528 260 661 308 militatem
676 265 722 309 :et
738 260 831 320 dixisti,
852 261 962 310 Conver-

75 325 141 371 mea?
155 339 239 373 nonne
251 325 383 383 Dominus,
398 332 422 373 et
439 326 495 374 sub·
528 325 610 373 timini
622 325 667 372 filii
678 325 815 375 hominum.

75 389 154 436 stantia
164 405 220 437 mea
231 390 299 453 apud
311 397 336 438 te
350 398 393 439 est
562 391 689 453 Quoniam
717 391 787 440 mille
815 392 873 439 anni
905 401 962 441 ante

104 453 140 501 Ab
173 455 289 503 omnibus
324 455 496 519 iniquitatibus
528 456 614 504 oculos
643 462 698 504 tuos
722 475 728 504 z
751 464 879 520 tamquam
908 458 962 506 (lies

74 517 126 588 meis
151 535 209 568 erue
236 536 278 569 me
303 538 309 568 ε
332 522 495 585 opprobrium
527 521 650 580 hesterna,
666 537 721 584 quae
733 523 859 585 praeteriit,

74 583 188 647 lnsipienti
200 584 291 634 dedisti
302 602 350 635 me.
560 587 593 634 Et
614 586 727 634 custodia
750 588 775 634 in
798 595 871 636 nocte
887 604 961 651 :quae

102 649 225 709 Obmutui,
245 657 270 699 et
290 667 341 699 non
361 652 447 715 aperui
467 668 495 700 os
526 667 572 714 pro
581 651 660 700 nihilo
668 651 797 713 habentur,
808 669 894 701 eorum
902 653 961 700 anni

74 724 152 773 meum,
183 715 303 779 quoniam
334 723 361 765 tu
388 717 495 766 fecisti:
527 725 605 765 erunt.

74 792 150 829 amove
161 797 176 828 a
187 797 229 829 me
240 781 327 844 plagas
339 789 401 830 tuas.
560 782 638 830 Mane
660 781 723 830 sicut
743 782 821 831 herba
840 790 957 842 transeat,

99 845 120 892 A
146 845 293 894 fortitudine
324 863 413 895 manus
445 854 494 896 tuae
525 861 599 895 mane
617 847 704 895 floreat
722 855 745 896 et
762 855 871 896 transeat
887 867 892 896 :
907 866 959 896 ves·

73 922 110 970 ugo
120 911 197 960 defeci
214 912 258 959 :in
273 911 491 976 increpationibus,
525 927 584 975 pere
601 912 708 971 decidat,
729 913 834 973 induret,
853 921 877 962 et
895 930 960 962 ares·

17 984 20 989 ·
73 983 162 1039 propter
179 977 337 1040 iniquitatem
355 979 495 1042 corripuisti
525 985 572 1024 cat.

10 1090 12 1095 ,
71 1037 195 1090 hominem.
560 1042 626 1104 Quia
643 1042 778 1092 defecimus
799 1044 824 1091 in
842 1045 877 1092 ira
894 1052 959 1094 tua:

96 1106 126 1154 Et
156 1107 283 1156 tabescere
316 1107 396 1156 fecisti
430 1108 494 1157 sicut
525 1114 549 1155 et
562 1108 588 1155 in
600 1107 681 1156 furore
693 1116 736 1156 tuo
750 1109 841 1157 turbati
854 1126 945 1159 sumus.

10 1182 12 1191 '
69 1184 175 1221 araneam
187 1173 298 1220 animam
312 1172 364 1236 ejus
379 1192 385 1222 :
398 1190 494 1222 verum·
559 1173 666 1221 Posuisti
694 1174 836 1238 iniquitates
862 1183 959 1223 nostras

68 1241 142 1286 tamen
153 1253 218 1286 vane
234 1239 396 1287 conturbatur
412 1240 494 1288 omnis
525 1238 551 1284 in
580 1247 714 1303 conspectu
743 1247 785 1288 tuo
812 1258 818 1287 :
841 1241 958 1288 sacculum

67 1299 143 1352 homo.
525 1311 637 1352 nostrum
658 1305 684 1352 in
706 1305 888 1354 illuminatione
905 1307 957 1354 vul·

93 1367 189 1416 Exaudi
198 1368 336 1416 orationem
342 1385 431 1429 meam,
439 1370 493 1418 Do·
525 1375 564 1416 tus
576 1369 620 1417 tui.

65 1432 133 1493 mine,
162 1440 186 1482 et
215 1433 417 1497 deprecationem
442 1451 493 1484 me·
559 1434 686 1496 Quoniam
706 1451 792 1484 omnes
811 1436 863 1484 dies
881 1438 958 1485 nostri

54 1511 101 1545 am
115 1499 234 1547 :auribus
251 1499 352 1563 percipe
371 1501 493 1564 lacrymas
524 1498 668 1574 defecerunt
683 1518 689 1548 :
702 1507 726 1548 et
743 1501 769 1548 in
786 1501 822 1548 ira
838 1510 881 1550 tua
892 1503 958 1551 defe-

64 1577 134 1613 meas.
526 1579 611 1614 cimus.

91 1628 133 1678 Ne
152 1628 234 1688 sileas,
257 1631 376 1693 quoniam
396 1632 494 1680 advena
558 1630 626 1676 Anni
661 1630 738 1679 nostri
772 1631 834 1680 sicut
869 1648 959 1681 aranea

63 1707 105 1756 ego
130 1711 187 1742 sum
209 1695 277 1758 apud
300 1703 325 1743 te
345 1713 351 1743 ε
374 1703 399 1744 et
422 1713 492 1761 pere·
523 1696 711 1743 meditabuntur
734 1713 739 1745 :
760 1696 813 1744 dies
836 1713 958 1745 annorum

62 1759 152 1821 gn'nus,
188 1760 251 1808 sicut
288 1776 375 1810 omnes
409 1771 493 1826 patres
523 1768 672 1835 nostrorum,
687 1762 713 1808 in
726 1761 785 1825 ipsis
801 1763 958 1826 septuaginta

60 1839 113 1873 mer.
523 1841 589 1874 anm.

91 1890 203 1939 Remitte
224 1890 294 1950 mihi,
314 1899 341 1940 ut
363 1892 492 1956 refrigerer
557 1890 584 1939 Si
600 1898 684 1939 autem
696 1892 722 1939 in
735 1893 905 1955 potentatibus
917 1910 957 1942 oc-

59 1955 125 2018 prius
137 1971 213 2020 quam
226 1957 315 2005 abeam
330 1975 337 2006 ε
349 1966 373 2005 et
385 1958 492 2022 amplius
523 1957 620 2018 toginta
630 1957 688 2004 anni
701 1966 741 2005 :et
753 1959 859 2022 amplius
872 1976 957 2007 eorum

58 2035 107 2068 non
120 2037 170 2070 ero.
522 2020 629 2070 laboret
642 2021 720 2070 dolor.

90 2086 180 2134 Gloria
202 2087 278 2146 Patri,
303 2093 328 2136 et
351 2087 417 2136 Filio
439 2106 445 2137 :
468 2095 492 2137 et
557 2087 682 2149 Quoniam
693 2089 834 2151 supervenit
843 2105 957 2138 mansue·

59 2149 163 2215 Spiritui
175 2151 269 2201 Sancto
280 2170 287 2212 3
522 2151 583 2200 tudo
600 2171 606 2200 r
618 2159 642 2201 et
654 2154 822 2217 corripiemur.

91 2216 162 2264 Sicut
187 2224 239 2266 erat
262 2218 288 2265 in
310 2217 441 2282 principio,
468 2227 493 2268 et
556 2217 619 2279 Quis
641 2219 711 2266 novit
738 2226 888 2282 potestatem
914 2220 956 2268 irae

57 2295 130 2340 nunc,
145 2289 170 2330 et
184 2298 284 2346 semper
299 2290 341 2331 :et
358 2284 384 2331 in
402 2285 492 2333 saecula
522 2288 571 2330 tuae
587 2301 593 2331 :
612 2289 635 2331 et
653 2300 704 2347 prae
722 2285 812 2334 timore
832 2293 874 2333 tuo
894 2285 956 2333 iram

56 2346 211 2397 saeculorum.
249 2348 340 2396 Arnen
522 2353 591 2395 tuam
603 2348 780 2398 dinumerare?

555 2413 692 2462 Dexteram
720 2421 789 2462 tuam
812 2415 846 2463 sic
868 2423 955 2464 notam

521 2477 560 2526 fac
582 2496 587 2526 :
606 2485 630 2527 et
650 2479 760 2527 eruditos
783 2481 857 2529 corde
876 2481 901 2528 in
919 2498 956 2530 sa-

521 2544 623 2608 pientia.

121 2603 252 2663 OMlNE,
272 2604 394 2668 refugium
412 2605 491 2655 factus
556 2609 715 2668 Convertere,
730 2608 848 2669 Domine,
867 2628 956 2675 usque-

154 2685 180 2717 es
197 2669 271 2718 nobis
287 2673 491 2734 :ageneratione
522 2690 572 2737 quo
588 2693 593 2722 ε
607 2681 630 2722 et
642 2674 806 2738 deprecabilis
818 2683 871 2724 esto
883 2693 958 2740 super

53 2732 80 2781 in
91 2734 286 2796 generationem.
522 2755 606 2787 servos
617 2746 680 2788 tuos,

88 2798 237 2862 Priusquam
265 2807 363 2849 montes
391 2801 486 2863 fierent,
557 2804 657 2868 Repleti
674 2821 759 2853 sumus
776 2807 955 2855 manemiseri·

53 2871 97 2911 aut
114 2863 262 2913 formaretur
277 2873 342 2914 terra
359 2873 383 2914 et
401 2869 467 2916 orbis
483 2887 488 2917 :
505 2906 508 2911 ⁴
522 2870 607 2917 cordia
621 2876 664 2918 tua
679 2888 684 2918 :
697 2877 721 2918 et
733 2871 917 2930 exsultavimus,
932 2881 956 2920 et

53 2944 70 2976 a
81 2929 173 2977 saeculo
191 2937 216 2978 et
232 2947 310 2994 usque
327 2931 353 2979 in
370 2933 488 2981 saeculum
522 2934 638 2983 delectati
649 2951 733 2984 sumus
743 2937 859 2985 omnibus
868 2938 955 2986 diebus

53 3000 81 3042 tn
93 3010 119 3042 es
132 2994 209 3043 Deus.
521 3001 620 3051 nostris.

80 3059 231 3180 Ngoqrertas
246 3059 378 3113 bominem
395 3064 423 3114 in
441 3065 487 3118 hu·
557 3069 656 3121 Laetatl
683 3085 774 3120 sumus
799 3085 851 3134 pro
877 3068 983 3119 diosus„

192 2500 307 2550 Psalmus
319 2518 357 2552 xc.
