2116 3532
310 120 383 176 tatur
398 119 528 188 hortauit
544 121 707 181 annitamur.

516 273 584 321 Nam
595 272 668 332 (sicut
677 271 744 321 idem
752 270 889 335 Apostolus
898 270 949 318 alio

515 338 572 387 loco
588 339 701 397 testatur)
714 346 738 386 et
755 353 801 386 nos
818 352 884 384 nunc
901 336 948 384 sal-

515 420 561 452 vos
572 403 631 452 iacit
644 403 780 467 Baptisma,
795 402 856 461 (non
869 402 949 449 carnis

124 464 447 526 UDISTIS,dilectissimi,
458 464 484 514 in
516 468 640 533 depositio
660 469 778 526 sordium,
792 467 836 516 sed
854 466 948 515 consci-

138 531 185 581 hoc
201 531 340 594 Evangelio
356 530 484 579 Christum
516 535 590 583 entiae
621 535 695 582 bonae
728 533 889 595 interrogatio
923 533 948 579 in

74 590 482 654 Salvatoremdiserteaffirmantem,
517 598 949 663 Deum,)perresurrectionemJesu

73 662 178 721 quodnisi
191 663 247 726 quis
259 669 358 710 renatus
370 660 442 709 suerit
454 678 485 710 ex
517 665 618 713 Christi.
656 665 698 712 Ne
719 663 838 712 dubitetis
863 663 946 725 igitur,

72 734 153 789 tquaet
166 727 270 792 Spiritu,
284 742 336 775 non
352 727 431 790 possit
448 727 484 774 iii·
517 746 601 779 verum
631 729 734 777 firmiter
762 729 861 786 credite,
892 744 949 776 eum

71 792 129 842 troire
140 793 166 842 in
178 808 283 856 regnum
296 792 352 840 Dei.
390 792 423 839 Et
440 807 486 855 per
517 795 577 843 istos
599 795 642 859 qui
665 795 763 853 adsunt,
789 810 847 842 vere
870 794 949 856 poeni-

70 852 105 906 huc
122 858 260 922 intelligere
276 857 388 921 potestis,
409 873 483 920 quam
517 868 605 919 tentes,
620 869 644 908 et
661 860 693 907 ad
712 875 739 908 se
755 876 800 923 per
817 860 892 907 tidem
909 875 949 906 ac-

68 924 217 973 uecessarium
235 923 275 982 sit,
289 923 366 971 modo
378 922 485 971 obtineri
518 925 641 984 cedentes,
662 925 770 988 benigue
789 933 949 988 accepturum

67 990 138 1049 posit,
152 989 202 1037 hoc
215 988 411 1037 Sacramentum.
447 988 485 1036 Si·
518 1006 579 1048 esse,
599 990 769 1039 remissionem
790 998 949 1054 peccatorum

10 1090 14 1119 Ι.
67 1054 108 1102 niti
122 1055 208 1113 modo,
223 1069 279 1101 cum
295 1052 347 1116 jain
366 1053 391 1101 iii
409 1052 486 1101 coelos
519 1057 554 1103 eis
576 1071 758 1114 concessurum,
784 1065 807 1104 et
829 1055 950 1118 Spiritum

10 1122 13 1129 '
65 1132 198 1168 ascensurus
220 1126 281 1176 crat,
307 1118 380 1177 (sicut
403 1118 429 1165 iii
449 1118 485 1165 ul·
520 1121 639 1170 Sanctum
673 1120 838 1184 largiturum3
873 1121 950 1167 imino

64 1183 116 1234 tinio
139 1183 271 1247 Evangelii
296 1183 380 1232 Sancti
405 1183 485 1231 Marci
518 1185 667 1234 beneficium
700 1186 759 1234 vitae
787 1194 893 1244 aeternae,
925 1194 949 1233 et

63 1251 136 1314 rapite
152 1248 420 1313 legimuS,)discipulis
436 1248 487 1296 suis
518 1252 588 1314 regni
611 1250 648 1299 sui
674 1251 817 1314 sempiterni
840 1266 951 1298 commu·

62 1315 180 1380 praecepit,
211 1314 305 1373 diceris,
332 1313 427 1361 Euntes
460 1313 486 1361 iii
519 1316 835 1376 nionem,eiscollatumm.
857 1319 951 1377 Quam·

61 1381 176 1430 nundum
188 1380 338 1437 universum,
353 1379 488 1442 praedicate
519 1383 606 1429 obrem
629 1397 676 1429 nos
697 1397 742 1444 per
764 1381 813 1429 lioc
836 1382 951 1429 certiores

62 1445 222 1510 Evangelium
256 1444 324 1492 omni
358 1453 483 1492 creaturae.
519 1447 578 1495 sacti
601 1447 667 1495 illius
686 1447 854 1510 benignitatis,
876 1461 951 1509 quam

60 1511 105 1574 Qui
133 1509 274 1568 crediderit,
299 1518 324 1558 ct
349 1509 488 1573 baptizatus
521 1513 595 1560 Pater
630 1520 715 1560 noster
748 1511 854 1560 coelestis
893 1527 952 1572 erga

60 1576 136 1636 luerit,
161 1575 245 1624 salvus
272 1575 336 1633 erit3
363 1575 406 1638 qui
428 1590 488 1622 vero
520 1578 580 1626 istos
600 1593 645 1641 per
660 1578 746 1641 Jesiim
765 1577 891 1625 Christum
912 1577 952 1623 κ’ἰ-

59 1657 104 1691 uon
116 1641 258 1700 crediderit,
271 1640 483 1688 condemnabitur.
520 1643 581 1691 lium
604 1659 675 1690 suum
696 1642 837 1699 declaravit,
861 1642 953 1704 gratias

59 1706 132 1770 Quod
160 1706 237 1756 etiam
265 1705 338 1754 riobis
368 1721 487 1768 magnum
520 1708 543 1757 ei
566 1708 607 1773 pie
630 1725 660 1757 ac
683 1708 789 1757 fideliter·
809 1706 950 1764 reseramus,

58 1772 164 1822 ostendit
187 1787 238 1836 quo
262 1786 308 1834 per
331 1771 487 1835 Baptisnium
520 1775 639 1833 dicentes,

57 1836 159 1887 linimur
186 1835 342 1885 beneficium.
393 1836 487 1898 Quam-

58 1901 489 2031 hfflalffillstlllllssl
520 1933 809 2062 obtulisti

59 2031 489 2097 Evangeliipraedicationem,multi
578 2073 583 2082 .
640 2073 673 2082 ..
768 2072 796 2081 ..
881 2071 886 2080 .

59 2097 202 2163 compuncti
218 2107 275 2146 sunt
287 2097 370 2155 corde,
384 2105 409 2145 e,
421 2096 489 2145 dixe,
521 2080 613 2135 gratias
629 2072 674 2120 tibi
692 2071 836 2134 suppliciter
847 2087 952 2133 agimus,

59 2173 113 2213 mm
135 2164 169 2212 ad
192 2178 249 2211 eum
273 2171 297 2210 et
320 2161 353 2210 ad
382 2163 490 2225 reliquos
521 2138 589 2202 quod
613 2137 645 2185 ad
667 2138 754 2200 gratiae
777 2145 826 2184 tuae
852 2137 955 2199 agnitio·

60 2227 204 2294 Apostolos,
221 2227 288 2290 Quid
303 2226 429 2285 faciemus,
444 2228 490 2275 viri
522 2219 587 2262 Μ’
619 2211 643 2251 el
671 2202 704 2277 ad.
729 2200 804 2250 fidem
833 2217 891 2264 “ga
921 2211 953 2260 ‘e’

522 2284 568 2316 nos
581 2283 668 2316 vocare
680 2268 796 2330 dignatus
808 2283 841 2315 es.
880 2268 955 2315 Hanc

60 2293 313 2406 {patresltrespondit
329 2301 355 2406 ¹ett
372 2293 490 2405 alltfflosl
523 2333 683 2396 agnitionem,
698 2348 847 2396 quaesumus,
868 2332 892 2379 in
913 2349 956 2380 iio-

11 2410 13 2417 ,
81 2368 175 2408 oeuiten
186 2374 245 2416 rain,
265 2374 355 2421 inqui,
375 2373 479 2420 agiae
522 2399 561 2446 bis
579 2398 682 2461 adauge,
697 2398 762 2446 hanc
774 2397 850 2446 fidem
864 2398 889 2444 1„
902 2415 955 2461 per.

60 2424 197 2489 baptizetur
206 2425 374 2487 unusquisque
382 2432 490 2471 vestmm

11 2500 13 2511 .
61 2491 86 2537 in
116 2488 290 2538 remissionem
322 2496 488 2551 peccatorum,
523 2472 626 2542 petuam
655 2462 781 2511 confirma.
833 2464 872 2510 lla
904 2471 957 2510 istis

62 2563 84 2603 et
109 2554 239 2619 accipietis
264 2552 359 2601 donum
384 2554 491 2616 Spiritus
524 2529 645 2592 ὅΡἰῐίωῐῐι
664 2529 783 2577 sanctum
807 2536 886 2587 munh
907 2545 957 2592 <1¹¹0

64 2620 154 2669 Sancti,
201 2619 282 2667 Vobis
306 2619 373 2666 enim
396 2628 432 2666 est
455 2635 492 2666 re„
523 2602 705 2657 regenerentur,
726 2603 750 2642 et
768 2594 879 2642 haeredes
897 2593 956 2641 siant

11 2686 13 2741 ζ
63 2684 200 2748 promissio,
222 2692 246 2732 et
269 2682 327 2731 filiis
346 2684 441 2742 vestris,
467 2691 492 2732 et
524 2668 622 2708 aeternae
655 2659 747 2707 salutis.
798 2660 845 2707 Pei·
871 2660 957 2722 Jesuni

11 2762 13 2791 :
63 2751 176 2798 omnibus
187 2749 230 2813 qui
247 2748 322 2812 longe
340 2756 404 2807 sunt,
419 2765 492 2812 quos,
525 2724 651 2772 Christum
673 2725 811 2772 Dominum
834 2734 953 2781 nostruin,

11 2828 13 2855 ÷
64 2830 167 2879 cumque
189 2813 347 2862 advocaverit
368 2815 492 2862 Dominus
524 2790 566 2864 qul
590 2789 751 2868 lewinfllvit
774 2799 799 2838 et
823 2799 907 2864 regnat
933 2790 956 2836 in

66 2879 131 2929 Deus
146 2887 237 2928 noster·
275 2879 492 2928 Aliisetiamver·
524 2863 619 2903 unitate
643 2855 750 2918 Spiritus
775 2855 868 2913 Sancti,
892 2871 958 2902 nunc

64 2944 99 2994 bis
114 2945 229 3010 plurimis
245 2943 391 2993 testificatus
408 2953 453 3002 est,
468 2952 492 2992 et
524 2929 548 2968 et
556 2936 600 2983 per
609 2921 693 2968 omnia
702 2920 792 2968 saecula
800 2920 953 2968 saeculorum.

65 3011 238 3060 exhortabatur
250 3025 301 3068 eos,
317 3009 401 3058 dicens
409 3027 416 3069 ;
437 3010 492 3059 Sal·

65 3076 170 3122 vami'nia
174 3074 338 3136 generatione
345 3075 393 3124 ista
400 3092 487 3141 prava.

116 3148 163 3198 175

93 285 166 343 Postea
180 294 245 344 hanc
263 296 469 370 llxhortationem

223 370 317 412 recitet.

525 2987 614 3034 Amen.
