2100 3524
463 250 502 306 db
520 253 657 309 itrrtotrm.

114 391 241 444 locorum
254 389 298 444 vel
317 387 500 456 locutionum,
514 387 667 456 Vulgatum
686 388 808 441 Textum
826 386 912 440 hodie
932 403 1025 456 recep-

113 495 175 539 tum
188 485 375 540 exhibuimus.

150 656 312 726 Orationes,
337 656 464 726 aliasque
489 654 635 723 formulas,
660 672 740 725 quaS,
766 672 781 709 e
807 653 960 708 Breviariis
983 654 1025 708 vel

116 752 291 820 MissalibuS,
311 752 409 806 aliisve
429 752 522 805 Libris
541 752 609 805 olim
629 752 706 821 apud
725 751 846 820 majores
865 761 978 803 nostros
1000 751 1025 803 in

113 865 145 903 re
158 848 265 902 Divina
278 847 410 901 facienda
423 847 543 912 usitatis,
557 847 731 916 desumptas
744 847 874 899 Ecclesia
888 846 916 898 in
931 863 1026 898 recen·

115 943 196 998 sione
215 943 396 1013 antiquorum
416 960 530 996 suorum
546 943 711 995 Officiorum
724 942 912 1008 conservavit,
927 958 1026 995 omnes

116 1038 273 1092 secundum
284 1048 393 1092 textum
406 1047 529 1092 veterem
544 1038 677 1091 Latinum
690 1037 873 1091 reddidimus.

151 1222 348 1292 Quodcunque
372 1221 537 1276 recentioris
562 1221 682 1288 addidit,
704 1220 733 1274 in
757 1237 916 1274 sermonem
939 1220 1025 1274 veteri

115 1319 253 1372 Ecclesiae
271 1318 464 1372 Occidentalis
483 1319 587 1388 linguae
605 1335 692 1388 quam
711 1317 837 1387 proxime
856 1328 1025 1369 consentan-

115 1431 180 1468 eum
194 1415 362 1484 redegimus.

152 1586 267 1640 Librum
288 1586 420 1640 Latinum
442 1585 622 1639 Publicarum
643 1586 770 1650 Precum‚
789 1601 865 1636 anno
886 1584 1024 1649 MDLX0,

114 1683 150 1736 ad
169 1701 251 1738 usum
271 1685 286 1710 “
297 1684 487 1753 Collegiorum
504 1682 704 1750 Cantabrigiat,
719 1682 847 1747 Oxoniae,
861 1682 1025 1745 Wintoniae,

114 1787 142 1832 et
157 1779 293 1846 Etoniae‚”
306 1779 397 1849 primo
416 1778 533 1845 editum,
547 1777 575 1830 in
593 1787 691 1830 nostra
704 1777 832 1830 versione
848 1777 1025 1831 conficienda

116 1890 173 1927 non
193 1875 385 1941 negleximus;
405 1890 457 1927 nec
476 1883 572 1926 tamen
591 1872 708 1925 omnino
728 1872 896 1924 imitandum
916 1873 1025 1941 putavi-

115 1986 187 2036 muS,
200 1970 305 2039 quippe
317 1969 364 2038 qui
379 1986 430 2022 nec
444 1969 587 2038 publicam
605 1968 742 2021 Ecclesiae
757 1968 954 2021 auctoritatem
969 1985 1025 2038 prae

116 2082 147 2120 se
160 2066 251 2131 ferret,
264 2082 325 2132 nec,
340 2065 420 2117 novis
440 2074 539 2134 postea
556 2065 769 2118 recensionibus
788 2064 879 2130 sactis,
893 2081 958 2117 cum
978 2065 1026 2117 ho·

116 2161 216 2215 diemo
230 2161 315 2214 Libro
328 2160 398 2213 satis
411 2160 591 2214 consentiret.

151 2345 277 2400 Verbum
299 2343 420 2397 ‘Priest'
441 2343 534 2396 visum
558 2354 601 2396 est
623 2343 710 2396 verbo
732 2342 911 2410 ‘Presbyter’
934 2344 976 2396 eis
999 2344 1027 2398 in

116 2441 186 2495 locis
205 2440 322 2494 reddere
341 2439 389 2493 ubi
403 2439 438 2492 de
451 2439 549 2492 ordine
564 2456 660 2492 eorum
680 2449 808 2506 ageretur
821 2439 867 2506 qui
882 2438 909 2489 in
927 2439 1028 2493 Minis·

115 2537 187 2591 terio
202 2536 307 2589 Christi
322 2535 393 2589 inter
408 2535 567 2605 Episcopos
580 2544 607 2588 et
623 2535 768 2587 Diaconos
787 2534 880 2586 locum
900 2534 1009 2589 liabent
1022 2556 1028 2599 ;

115 2632 164 2686 ubi
184 2643 279 2685 autem
301 2631 337 2685 de
359 2631 421 2701 ipsa
442 2630 591 2684 ministerii
613 2647 711 2684 eorum
731 2629 920 2693 exsecutione,
939 2632 1029 2685 verbo

115 2729 123 2756 ‘
135 2728 292 2783 Sacerdos!

153 2900 219 2953 Non
233 2916 383 2969 possumus
396 2899 479 2952 nobis
492 2898 661 2969 persuadere
671 2897 739 2968 quin
752 2897 898 2967 pennultis
912 2916 927 2951 e
944 2899 1030 2955 Clero

114 2995 276 3064 Anglicano
289 3006 451 3065 pergratum
465 2995 544 3061 soret,
557 2996 654 3048 multis
667 2995 752 3048 etiam
766 2994 820 3064 piis
834 2993 1030 3067 studiosisque

115 3092 144 3146 in
172 3091 412 3146 Universitatibus
432 3101 460 3146 et
488 3091 620 3160 Collegiis
646 3090 750 3144 nostris
772 3092 1031 3161 commorantibus,

115 3189 203 3274 immo
222 3188 302 3243 laicis
321 3188 463 3243 nonnullis
482 3188 578 3259 pieac
595 3186 748 3242 liberaliter
765 3186 793 3240 in
807 3187 870 3240 sinu
887 3186 1031 3247 Ecclesiae

176 3273 199 3306 ΙΊ
