2116 3532
24 275 87 322 Dies
98 274 192 324 XVII.

425 272 534 339 {baalath

803 281 920 342 Adt'csp.

20 415 112 457 nostra
133 424 139 455 :
157 415 181 456 et
198 407 276 456 sancti
298 405 375 473 lsra'e'l
394 407 459 472 regis
492 423 578 456 eorum
598 425 603 458 :
622 416 646 457 et
663 407 689 456 in
706 408 848 458 verberibus
865 425 922 472 pec·

21 473 112 522 nostri.

55 539 133 587 Tunc
155 537 253 587 locutus
272 554 298 587 es
317 538 342 586 in
362 538 458 587 visione

22 605 118 652 sanctis
137 604 187 652 tuis
204 622 210 652 :
227 612 251 652 et
269 604 361 663 dixisti,
383 605 457 652 Posui

22 669 177 732 adjutorium
189 669 215 716 in
227 677 336 734 potente,
351 678 375 718 et
392 670 457 718 exal·

23 735 76 782 tavi
85 734 194 783 electum
205 735 237 783 de
249 735 322 798 plebe
334 751 396 784 mea

57 800 148 848 Inveni
163 800 245 848 David
252 815 349 848 servum
358 816 440 848 meum
451 817 457 848 :

24 863 81 913 oleo
93 873 181 913 sancto
193 881 250 914 meo
261 866 319 913 unxi
331 881 395 913 eum.

57 931 152 978 Manus
171 931 237 978 enim
254 947 310 979 mea
328 930 456 979 auxiliabi-

25 1003 63 1043 tur
75 996 99 1043 ei
112 1013 117 1043 :
130 1003 155 1044 et
166 995 294 1044 brachium
306 1012 390 1044 meum
400 1012 456 1044 con-

26 1060 128 1109 fortabit
140 1077 204 1110 eum.

58 1126 132 1174 Nihil
156 1126 267 1190 proficiet
292 1126 406 1174 inimicus
431 1127 456 1174 in

27 1206 55 1239 eo
79 1209 85 1240 :
109 1199 134 1240 et
158 1191 222 1240 filius
244 1192 381 1256 iniquitatis
406 1207 457 1240 non

27 1265 137 1321 apponet
149 1272 238 1305 nocere
249 1257 278 1306 ei.

56 1322 91 1370 Et
111 1323 243 1370 concidam
263 1339 278 1370 a
298 1323 360 1370 facie
380 1322 457 1386 ipsius

26 1385 140 1435 inimicos
154 1387 206 1450 ejus
221 1406 227 1435 :
239 1396 264 1436 et
275 1388 388 1436 odientes
399 1404 456 1436 eum

26 1451 49 1500 in
60 1452 148 1515 fugam
160 1461 309 1502 convertam.

56 1518 91 1566 Et
103 1518 194 1566 veritas
207 1534 262 1567 mea
278 1527 303 1566 et
320 1519 456 1567 misericor·

26 1583 65 1631 dia
81 1598 140 1631 mea
157 1598 213 1631 cnm
231 1584 286 1647 ipso
302 1591 345 1632 :et
362 1584 388 1632 in
403 1585 456 1632 No·

25 1649 91 1697 mine
120 1664 177 1696 meo
206 1649 354 1697 exaltabitur
381 1665 456 1697 cornu

24 1713 82 1777 ejus.

55 1779 92 1827 Et
111 1794 206 1842 ponam
226 1778 251 1826 in
269 1780 331 1827 mari
354 1796 456 1827 manum

22 1843 75 1907 ejus
89 1863 95 1893 :
105 1852 131 1892 et
140 1845 166 1892 in
178 1845 320 1893 fluminibus
330 1846 456 1893 dexteram

21 1909 83 1973 ejus.

56 1975 118 2039 Ipse
150 1975 275 2023 invocabit
303 1991 351 2034 me,
383 1976 457 2024 Pater

21 2057 94 2089 meus
106 2056 133 2089 es
145 2048 189 2088 tu:
200 2041 268 2089 Dens
280 2057 357 2100 meus,
369 2048 392 2088 et
405 2057 455 2089 sus-

21 2114 112 2170 ceptor
123 2105 209 2154 salutis
221 2122 289 2154 meae.

56 2172 92 2219 Et
101 2187 149 2234 ego
158 2172 351 2235 primogenitum
363 2187 456 2234 ponam

22 2237 96 2285 illum
118 2237 266 2285 :excelsum
285 2253 337 2300 prae
358 2237 456 2300 regibus

21 2311 102 2351 terrae.

56 2367 89 2415 In
98 2375 219 2415 aeternum
227 2367 330 2416 servabo
339 2367 374 2414 illi
385 2368 456 2416 mise·

23 2432 158 2481 ricordiam
173 2448 255 2480 meam
271 2440 314 2481 :et
325 2440 456 2481 testamen-

23 2505 79 2562 tum
92 2513 176 2545 meum
189 2497 263 2546 fidele
275 2498 328 2561 ipsi.

56 2563 90 2610 Et
103 2564 235 2626 ponamin
248 2564 364 2611 saeculum
374 2562 456 2610 saeculi

23 2643 110 2676 semen
131 2627 183 2690 ejus
204 2645 210 2674 ι
229 2635 253 2676 et
270 2628 388 2676 thronum
405 2628 457 2691 ejus

23 2692 86 2741 sicut
99 2693 153 2741 dies
165 2692 230 2742 coeli.

59 2758 86 2807 Si
108 2766 192 2807 autem
215 2757 390 2822 dereliquerint
411 2757 455 2806 filii

24 2822 77 2886 ejus
94 2822 178 2886 legem
193 2839 276 2872 meam
292 2832 334 2872 :et
351 2823 376 2870 in
392 2823 457 2886 judi·

25 2889 68 2937 ciis
114 2889 176 2938 meis
220 2905 270 2937 non
315 2889 457 2938 ambulave-

27 2954 91 3003 rint:

58 3020 87 3068 Si
101 3019 211 3082 justitias
228 3035 295 3067 meas
312 3019 457 3083 profanave-

27 3084 74 3133 rint
90 3103 96 3133 :
108 3093 133 3134 et
145 3085 265 3133 mandata
275 3100 333 3133 mea
342 3100 392 3132 non
404 3101 457 3133 eus-

27 3151 162 3198 todierint:

56 3216 170 3262 Visitabo
187 3215 212 3262 in
226 3215 294 3279 virga
310 3215 467 3282 iniquitates,

77 3288 127 3338 275

491 481 651 522 cataeorum.

525 539 722 588 Misericordiam
740 547 823 589 autem
840 556 922 588 meam

491 620 541 652 non
560 605 700 669 dispergam
719 606 751 654 ab
770 621 800 654 eo
818 623 824 653 ε
841 621 922 669 neque

490 671 587 719 nocebo
599 674 624 718 in
636 671 739 719 veritate
751 687 807 719 mea
819 689 825 718 :

524 736 613 799 Neque
633 735 773 799 profanabo
791 744 922 783 testamen-

490 811 544 848 tum
555 816 639 849 meum
655 810 697 849 :et
712 817 768 864 quae
785 802 923 864 procedunt

490 865 522 914 de
541 864 614 914 labiis
633 867 695 914 meis
714 882 764 914 non
784 867 873 914 faciam
891 867 921 914 ir·

490 931 542 979 rita.

523 996 607 1044 Semel
622 996 702 1060 juravi
718 997 742 1044 in
757 1004 842 1045 sancto
854 1013 919 1056 meo,

489 1061 509 1108 si
528 1062 612 1109 David
629 1063 734 1110 mentiar
750 1079 852 1111 :semen
870 1063 922 1126 ejus

490 1127 514 1174 in
526 1137 645 1175 aetemum
658 1128 775 1176 manebit.

522 1193 555 1240 Et
574 1193 676 1240 thronus
694 1193 746 1254 ejus
764 1194 826 1241 sicut
844 1193 881 1241 sol
896 1194 921 1241 in

490 1266 624 1321 conspectu
642 1274 698 1306 meo
718 1276 723 1306 ε
741 1266 765 1306 et
783 1259 845 1306 sicut
862 1259 922 1306 luna

489 1323 598 1385 perfecta
618 1324 642 1370 in
663 1332 790 1382 aternum,
812 1334 835 1372 et
853 1325 922 1372 testis

492 1391 516 1434 in
529 1389 593 1436 coelo
606 1388 691 1437 fidelis.

522 1454 562 1501 Tu
574 1470 632 1501 vero
647 1454 758 1517 repulisti
775 1462 799 1502 et
817 1454 920 1517 despex-

490 1519 529 1566 isti
545 1519 679 1567 :distulisti
692 1520 819 1568 Christum
832 1528 909 1568 tuum.

522 1584 639 1632 Evertisti
662 1592 837 1633 testamentum
856 1586 920 1632 servi

489 1649 524 1696 tui
536 1667 542 1696 ε
552 1649 687 1713 profanasti
699 1651 724 1697 in
734 1658 798 1698 terra
807 1661 920 1698 sanctua-

489 1715 552 1761 rium
565 1715 623 1778 ejus.

522 1780 670 1828 Destruxisti
680 1797 765 1829 omnes
775 1797 845 1844 sepes
854 1780 905 1843 ejus
915 1799 920 1829 :

488 1846 593 1907 posuisti
612 1845 794 1895 firmamentum
807 1847 860 1909 ejus
872 1847 919 1894 for·

488 1911 615 1958 midinem.

523 1976 684 2039 Diripuerunt
729 1993 786 2025 eum
833 1993 919 2025 omnes

488 2049 642 2089 transeuntes
664 2042 730 2089 viam
755 2060 761 2089 ε
781 2041 860 2090 faetus
883 2051 919 2090 est

488 2107 650 2169 opprobrium
662 2107 749 2154 vicinis
761 2107 818 2155 suis.

522 2172 644 2219 Exaltasti
677 2172 804 2220 dexteram
838 2173 919 2235 (lepri-

488 2237 609 2284 mentinm
627 2253 683 2284 eum
699 2236 849 2286 :laetificasti
867 2255 919 2285 om-

489 2318 532 2350 nes
544 2301 657 2350 inimicos
670 2302 729 2365 ejus.

522 2368 641 2415 Avertisti
670 2368 820 2429 adjutorium
843 2368 920 2431 gladii

489 2432 541 2493 ejus
557 2450 562 2479 :
575 2441 598 2480 et
611 2449 662 2481 non
674 2449 699 2481 es
711 2433 842 2481 auxiliatus
860 2434 882 2481 ei
895 2434 920 2481 in

489 2497 562 2546 bello.

523 2563 671 2611 Destruxisti
684 2580 740 2611 eum
758 2563 790 2610 ab
802 2564 920 2611 emunda·

489 2628 557 2676 tione
573 2646 578 2675 ε
591 2637 615 2676 et
631 2629 714 2677 sedem
727 2628 780 2692 ejus
792 2629 817 2676 in
830 2637 920 2677 terram

489 2694 608 2742 collisisti.

523 2759 654 2807 Minorasti
667 2759 719 2806 dies
729 2760 847 2822 temporis
858 2760 919 2823 ejus:

490 2824 619 2887 perfudisti
632 2841 688 2872 eum
700 2825 851 2874 confusione.

525 2890 669 2952 Usqueqn0‚
691 2890 808 2948 Domine,
831 2891 921 2938 avertis

489 2955 513 3001 in
527 2954 602 3001 fmem
614 2955 771 3003 :exardescet
783 2956 844 3003 sicut
857 2956 921 3019 ignis

489 3020 525 3067 ira
537 3022 597 3068 tua?

523 3085 665 3132 Memorare
677 3101 732 3149 quae
741 3101 797 3133 mea
809 3086 921 3133 substan·

490 3149 525 3198 tia
540 3150 684 3216 :numquid
700 3151 770 3198 enim
783 3167 852 3198 nane
867 3168 926 3198 con-

492 3218 597 3269 stituisti
610 3235 702 3269 omnes
712 3214 947 3266 hlioshommumi
