2116 3532
55 230 192 282 Diana*
446 236 555 307 nsunt
580 237 584 243 ’
836 256 953 307 Adnue.

95 369 280 419 Verumtamen
303 368 373 418 Deus
395 369 501 419 redimet
567 368 644 428 Audi,
666 368 775 432 populus
792 385 870 427 meus,
891 377 915 417 et
933 368 968 416 lo·

62 435 177 484 animam
190 450 271 482 meam
283 435 316 483 de
325 450 400 483 manu
411 435 502 484 inferi:
534 449 617 497 quar3
643 433 728 493 Israel,
764 442 788 482 et
816 435 969 482 testificabor

64 516 121 550 cum
134 501 259 564 acceperit
271 516 318 548 me.
534 499 597 548 tibi:
629 500 707 559 Deus,
738 500 808 548 Deus
837 509 893 548 tuus
922 517 968 564 ego

96 567 140 615 Ne
153 566 265 614 timueris
274 581 330 614 cum
342 565 411 614 dives
422 564 502 615 sactus
533 579 595 613 sum.

64 629 138 680 suerit
156 631 253 679 homo:
271 639 363 679 etcum
380 631 500 696 multipli-
567 630 627 678 Non
655 630 681 678 in
704 629 830 679 sacrificiis
858 630 906 678 tuis
930 646 967 678 ar·

66 706 120 746 cata
132 696 208 746 fuerit
218 696 298 759 gloria
309 697 398 744 domus
410 696 469 760 ejus.
532 710 607 757 guam
631 703 674 745 te:
710 695 856 744 holocausta
884 705 966 744 autem

97 763 228 825 Quoniam
240 777 297 810 cum
309 761 436 821 interierit,
449 778 500 810 non
532 768 575 808 tua
603 761 628 808 in
657 769 791 824 conspectu
825 777 882 809 meo
910 771 967 809 sunt

66 835 146 876 sumet
158 827 244 875 omnia
256 845 262 874 ι
274 842 355 890 neque
365 827 500 877 descendet
532 841 637 889 semper.

67 907 120 941 cum
133 909 164 940 eo
175 891 257 955 gloria
268 891 327 954 ejus.
564 891 625 939 Non
643 891 765 955 accipiam
782 892 814 940 de
830 892 907 940 domo
925 901 967 940 tua

97 958 166 1020 Quia
183 958 268 1005 anima
285 957 337 1020 ejus
349 957 374 1004 in
392 959 444 1007 vita
462 959 499 1022 ip·
531 955 622 1005 vitulos
635 975 641 1005 ι
653 973 734 1021 neque
746 958 778 1006 de
789 958 906 1021 gregibus
918 959 967 1006 tuis

66 1023 113 1071 sius
135 1023 315 1071 benedicetur:
342 1023 500 1073 confitebitur
530 1021 619 1070 hircos.

68 1089 182 1137 tibicum
194 1088 344 1136 benefeceris
357 1089 386 1137 ei.
565 1087 691 1149 Quoniam
714 1104 777 1136 meae
799 1097 857 1136 sunt
879 1105 966 1137 omnes

97 1154 219 1202 Introibit
236 1153 351 1216 usquein
368 1155 499 1218 progenies
530 1151 589 1200 ferae
597 1153 714 1200 silvarum
727 1153 853 1215 :jumenta
861 1155 886 1202 in
895 1170 965 1202 mon-

66 1228 163 1282 patrum
187 1235 306 1267 suorum:
333 1227 356 1267 et
377 1221 499 1284 usquein
533 1217 600 1266 tibus
612 1226 636 1266 et
648 1219 733 1267 boves.

66 1293 185 1333 aetemum
196 1300 247 1332 non
259 1284 352 1332 videbit
364 1285 456 1334 lumen.
566 1283 679 1346 Cognovi
723 1284 809 1331 omnia
854 1285 967 1333 volatilia

96 1351 194 1408 Homo,
209 1350 303 1398 cumin
316 1349 496 1411 honoreesset,
532 1348 608 1396 coeli:
626 1357 650 1396 et
667 1348 827 1412 pulchritudo
844 1351 897 1412 agri
914 1355 965 1398 mel

65 1429 114 1463 non
131 1415 271 1464 intellexit:
289 1424 445 1479 comparatus
463 1424 499 1464 est
532 1429 588 1461 cum
600 1419 644 1462 est.
893 1470 895 1474 .
957 1471 963 1478 .

62 1479 180 1542 jumentis
190 1480 372 1543 insipientibus,
380 1490 404 1530 et
412 1482 499 1531 similis
567 1479 594 1527 Si
606 1479 722 1538 esuriero,
737 1496 787 1527 non
805 1480 888 1529 dicam
900 1481 947 1529 tibi
960 1500 966 1529 :

62 1544 141 1594 sactus
153 1554 190 1595 est
202 1545 258 1594 illis
531 1559 601 1592 meus
618 1552 655 1592 est
672 1546 738 1592 enirn
756 1546 824 1594 orbis
842 1554 920 1605 terrae,
941 1555 965 1595 et

531 1609 661 1672 plenitudo
673 1610 732 1672 ejus.

392 1713 397 1726 ,
566 1675 591 1722 N
593 1677 697 1738 umquitl
710 1676 867 1724 manducabo
879 1693 966 1725 carnes

84 1715 155 1765 DIES
167 1715 203 1766 Χ·
238 1711 280 1770 Q
291 1713 454 1776 mimium·
531 1743 676 1789 taurorum?
693 1750 734 1789 aut
752 1743 898 1804 sanguinem
916 1743 964 1790 hir-

189 1824 320 1873 Psnnnus
338 1825 367 1874 L.
531 1821 616 1853 corum
628 1807 742 1869 potabo?

565 1870 672 1919 Immola
685 1872 741 1919 Deo
752 1872 900 1921 sacrificium
913 1872 964 1922 lau-

122 1926 194 1975 EUS
207 1926 311 1975 deorum
324 1928 449 1978 Dominus
461 1929 497 1979 lo·
530 1936 568 1984 dis
584 1954 590 1984 ι
607 1945 632 1984 et
655 1937 731 1986 redde
754 1938 886 1986 Altissimo
906 1949 964 1987 vota

154 1999 225 2040 cutus
237 2002 274 2040 est
285 2011 291 2040 ι
303 2002 327 2042 ct
340 1995 438 2043 vocavit
451 2004 497 2044 ter·
529 2008 579 2050 tua.

59 2073 122 2117 ram,
563 2068 597 2115 Et
615 2067 702 2116 invoca
714 2084 755 2116 me
767 2068 791 2115 in
804 2068 845 2116 die
862 2070 963 2117 tribula-

94 2125 119 2170 A
131 2122 192 2171 solis
204 2130 259 2171 ortu
278 2139 356 2188 usque
375 2127 407 2175 ad
426 2142 495 2174 occa·
529 2131 604 2180 tionis
618 2151 623 2179 :
636 2149 720 2181 eruam
733 2143 764 2192 te,
780 2143 803 2182 et
816 2134 963 2183 honorifica-

27 2209 30 2216 ·
60 2203 180 2236 sumzex
204 2189 266 2237 Sion
285 2191 380 2253 species
399 2192 496 2241 decoris
530 2197 569 2245 bis
581 2214 627 2246 me.

60 2253 121 2316 ejus.
235 2319 240 2328 .
564 2263 691 2312 Peccatori
708 2270 791 2312 autem
803 2265 865 2313 dixit
884 2266 961 2324 Deus,

96 2319 167 2366 Deus
175 2319 304 2368 manifeste
313 2323 395 2371 veniet
408 2341 414 2371 z
427 2323 496 2371 Deus
531 2327 615 2388 Quare
654 2337 681 2377 tu
721 2346 819 2378 enarras
856 2330 964 2392 justitias

59 2390 154 2458 noster,
169 2392 193 2458 et
205 2400 256 2431 non
268 2386 357 2436 silebit.
530 2409 599 2441 meas
612 2411 618 2441 ε
636 2402 659 2442 et
672 2396 776 2444 assumis
788 2403 964 2444 testamentum

94 2448 165 2511 lgms
185 2465 210 2496 m
231 2460 365 2514 conspectu
383 2452 436 2515 ejus
455 2471 496 2502 ex·
529 2473 613 2506 meum
626 2475 671 2522 per
681 2476 709 2508 os
722 2463 810 2509 tuum?

58 2514 192 2562 ardescet:
220 2516 291 2590 etlin
314 2518 417 2567 circuitu
444 2519 496 2583 ejus
563 2524 603 2571 Tu
621 2541 679 2572 vero
696 2526 771 2573 odisti
789 2527 964 2590 disciplinam:

58 2587 197 2642 tempestas
208 2579 298 2630 valida.
530 2594 556 2636 et
567 2589 696 2652 projecisti
707 2606 834 2640 sermones
846 2608 915 2640 meos
927 2610 963 2641 re·

94 2645 238 2693 Advocabit
250 2647 341 2696 coelum
350 2649 478 2698 desursum
490 2669 496 2698 :
521 2658 643 2703 'trorsum

60 2717 85 2758 et
103 2718 204 2769 terram,
218 2711 357 2762 discernere
373 2716 496 2779 populum
564 2720 591 2768 Si
614 2719 717 2768 videbas
740 2721 827 2781 iurem,
849 2724 964 2771 currebas

58 2790 140 2824 suum.
265 2843 269 2852 Ι
293 2843 298 2852 Ι
530 2800 587 2833 cum
599 2801 646 2834 co:
664 2794 755 2834 etcum
772 2788 890 2836 adulteris
907 2804 964 2852 por·

94 2840 252 2916 §ongregate
264 2841 299 2890 1111
312 2853 409 2893 sanctos
426 2846 493 2909 ejus:
529 2851 623 2899 tionem
635 2858 703 2899 tuam
715 2852 833 2914 ponebas.

59 2921 103 2970 qur
122 2906 238 2954 ordinant
250 2915 425 2959 testamentum
443 2912 496 2975 ejus
563 2915 599 2963 Os
611 2924 683 2964 tuum
695 2917 832 2966 abundavit
849 2918 961 2966 malitia:

59 2986 136 3034 super
148 2971 274 3047 sacrificia.
528 2988 553 3028 et
576 2981 662 3044 lingua
678 2991 720 3030 tua
737 2984 902 3031 concinnabat
920 2985 964 3032 do·

93 3035 128 3084 Et
147 3039 329 3086 annuntiabunt
349 3041 406 3089 coeli
424 3042 495 3104 justi·
529 3045 574 3094 los.

59 3102 122 3150 tiam
134 3101 202 3164 ejus:
216 3105 335 3167 quoniam
345 3106 413 3155 Dcus
418 3107 494 3171 judex
563 3111 658 3159 Sedens
704 3112 821 3161 adversus
864 3113 964 3162 fratrem

62 3176 107 3216 est·
124 3240 177 3290 247
529 3182 603 3227 tuum
623 3177 771 3245 loquebaris
779 3195 788 3228 ¹.
806 3188 834 3228 et
853 3179 976 3226 aduersus
