2116 3532
308 259 380 315 urus
393 258 478 316 Sana
491 256 697 315 mannariora.

58 395 82 448 'm
104 396 249 451 beneficos
271 406 300 450 et
324 397 387 467 pius
410 415 477 450 usus
500 407 638 464 erogetur,
661 403 745 465 prout
770 394 903 446 Ministro
926 402 953 446 et

59 468 199 520 AEdilibus
216 469 309 521 visum
331 468 420 522 fuerit.
460 469 524 536 Qua
545 469 574 520 in
597 486 626 520 re
646 469 669 520 si
690 467 801 520 diverse
821 465 954 531 sentiant,

62 549 186 608 erogetur
197 548 281 608 prout
295 539 463 592 Ordinarius
476 539 687 608 praescripserit.

100 675 167 730 Cum
180 677 211 729 in
224 676 277 730 hoc
287 676 394 730 Ordine
402 677 642 730 Administrandi
650 676 764 729 Coenam
774 677 956 730 Dominicam

70 748 256 817 proscriptum
274 748 314 800 sit
330 753 364 800 nt
375 748 524 818 genuflexi
537 765 598 800 eane
610 750 778 817 percipiant
795 749 955 801 Communi-

74 825 172 883 cantes;
191 819 285 888 (cnjus
298 820 436 888 pracepti
449 818 500 871 hoc
516 819 665 872 consilinm
682 825 729 886 est,
743 820 870 888 illudque
886 820 956 887 opti-

76 903 147 957 mum,
166 893 264 959 nempe
285 889 326 942 ad
342 890 563 960 significandum
585 907 671 958 quam
693 889 801 943 luanili
816 896 957 957 gratoque

76 961 157 1013 animo
170 960 282 1014 Chresti
291 961 419 1029 beneficia
431 961 462 1012 in
475 977 507 1011 ea
520 961 649 1013 omnibus
660 962 746 1031 digne
757 961 957 1030 accipientibus

77 1031 162 1084 collata
169 1047 363 1102 agnoscamus,
370 1036 397 1083 et
405 1031 446 1082 au
452 1032 602 1084 vitandam
612 1049 673 1084 eam
682 1032 897 1084 irreverentiam
906 1037 960 1083 aut

76 1103 249 1172 confusionem
269 1119 333 1170 quae
348 1103 476 1170 alioquin
490 1104 567 1155 inter
585 1104 705 1155 Sacram
727 1103 957 1154 Comnznm'onem

76 1174 169 1226 exoriri
179 1172 321 1241 possint:)
343 1178 435 1225 tamen
455 1190 490 1225 ne
506 1190 524 1225 a
540 1175 735 1242 qrn'busqnam,
748 1179 801 1226 aut
813 1190 850 1225 er
860 1174 957 1242 agnor-

74 1245 142 1296 antia
154 1249 182 1296 et
193 1243 361 1312 infirmitate
372 1249 425 1296 ant
432 1260 470 1296 ex
480 1245 594 1298 malitia
606 1251 634 1298 et
643 1245 810 1312 pertinacia,
823 1260 856 1296 ea
866 1260 957 1313 genu-

66 1311 149 1376 flectio
158 1317 255 1383 prave
267 1314 450 1385 intellegatur
461 1315 510 1367 vel
522 1317 553 1368 in
569 1317 651 1385 pejus
662 1316 881 1383 detorqueatur:
899 1315 959 1367 Hic

72 1384 231 1451 declaratur,
244 1385 367 1437 Nullam
383 1388 440 1453 per
457 1403 519 1438 eam
539 1387 589 1439 vel
605 1386 717 1438 intendi
734 1386 783 1437 vel
790 1386 957 1454 faciendam

72 1471 117 1508 esse
127 1456 320 1509 adorationem
330 1461 382 1508 ant
394 1457 618 1509 Sacramentalis
626 1457 718 1509 Panis
730 1462 757 1509 et
772 1456 839 1509 Vini
849 1457 890 1508 ibi
899 1473 957 1508 cor-

64 1528 199 1594 paraliter
205 1529 389 1594 acceptorum,
399 1533 452 1580 ant
460 1527 615 1596 corporalis
621 1528 790 1596 cujusquam
797 1528 959 1595 prasentia

71 1597 168 1651 Carnis
178 1603 206 1650 et
217 1598 380 1667 Sanguinis
391 1599 572 1651 naturalium
585 1598 700 1651 Clerr'sti.
733 1597 959 1650 Sacramentalis

67 1670 135 1722 enim
156 1669 257 1734 Panes,
273 1673 301 1720 et
327 1669 439 1734 Vinum,
456 1670 487 1721 in
508 1686 567 1722 snae
581 1669 759 1737 proprietate
779 1674 892 1721 natura
913 1669 962 1721 vel

65 1740 225 1793 substantiae
236 1741 417 1807 permanent,
430 1741 543 1808 ideoque
556 1757 589 1792 ea
605 1741 725 1792 adorare
744 1756 801 1791 non
822 1739 906 1791 licet:
929 1739 963 1791 id

65 1811 135 1863 enim
158 1809 323 1862 idololatria
344 1815 419 1876 esset,
432 1811 467 1863 ab
488 1812 616 1863 omnibns
626 1811 763 1880 fidelibus
786 1808 960 1863 Christianis

64 1880 260 1934 abominanda.
291 1880 334 1932 Et
347 1880 458 1933 Christi
468 1881 632 1934 Salvatoris
644 1882 737 1934 nostri
748 1881 881 1934 naturale
893 1881 917 1933 C
915 1897 959 1932 ar-

58 1956 121 2021 pus,
133 1957 162 2004 et
173 1951 312 2020 Sanguis,
323 1967 379 2002 non
391 1949 444 2018 lrr'c,
457 1952 507 2003 sed
516 1953 547 2003 in
557 1952 622 2004 coelo
630 1958 699 2005 snrtt
707 1972 717 2006 .·
736 1950 871 2004 naturale
882 1952 958 2004 enim

65 2022 173 2076 Chresti
183 2021 291 2090 Corpus
303 2022 334 2073 in
346 2021 453 2074 duobus
461 2022 552 2076 simul
561 2023 628 2075 locis
640 2025 796 2090 consistere,
805 2023 889 2075 salva
898 2023 960 2092 ejus

63 2095 191 2160 veritate,
203 2092 263 2145 dici
273 2108 329 2144 non
337 2096 436 2161 potest.
