2100 3524
330 231 412 318 initui
428 254 575 345 ίῑσῑσυτυσσῐσί
589 253 798 345 ίίυσίσσσυσία

116 400 236 476 quoniam
243 400 282 449 vir
292 406 368 464 caput
378 406 416 449 est
426 399 546 461 mulieris,
582 400 753 453 versationem
772 401 822 451 siue
837 397 888 450 vob(

115 473 179 514 sicut
192 465 304 514 Christus
316 473 391 529 caput
408 472 445 515 est
461 465 551 521 Eccle·
583 464 655 527 finiit,
676 467 850 525 considerante
866 464 885 514 iu

115 531 169 580 siae:
181 531 235 595 ipse
244 531 359 581 Salvator
367 529 547 595 corporisejue
584 531 888 583 costamconvermionen

116 595 176 656 Sed,
191 596 253 645 sicut
265 595 379 645 Ecclesia
389 595 502 659 subjecta
512 602 550 645 est
584 594 703 659 Quarum
727 613 780 648 non
802 597 833 647 sit
856 601 888 645 ert

116 661 234 721 Christ03
254 661 334 710 itaet
354 661 471 710 mulieres
489 661 550 711 viris
583 661 742 726 capillatura,
776 668 818 714 eut
845 661 888 711 eim

115 726 166 775 suis
188 727 215 774 in
238 726 361 776 omnibus
403 726 437 775 Et
458 726 550 776 iterum
583 727 645 786 auri,
665 735 710 777 sut
726 726 857 783 indumenti
871 739 888 774 n

115 791 186 840 dicit:
206 791 277 841 Uxor
283 798 367 855 autem
374 790 461 840 timeat
468 791 550 841 virum
583 797 667 841 tomm
678 792 776 843 cultus:
791 792 832 842 sed
845 790 881 856 qui

115 871 195 906 suum.
582 856 793 908 ditusestcordis
807 854 888 907 homoi

149 922 183 970 Et
199 921 226 970 in
243 920 358 984 Epistola
372 921 405 970 ad
417 920 548 970 Colossen·
582 922 750 987 ruptibilitnte
770 922 844 989 quieti
859 929 880 971 et

114 1001 161 1046 ses,
176 987 215 1034 his
226 987 308 1035 verbis
326 987 434 1036 breviter
444 1001 489 1035 vos
504 987 549 1034 ad·
582 1002 594 1036 s
612 987 692 1048 iritus,
715 989 760 1055 qui
781 995 816 1038 est
833 987 888 1037 ino

115 1059 200 1101 monet
213 1051 319 1101 Sanctus
333 1052 440 1111 Paulus3
457 1051 549 1101 Mulie·
583 1002 633 1101 liei
656 1053 776 1118 locuples.
817 1052 888 1104 Sicu

115 1132 161 1177 res,
181 1117 288 1166 subditae
305 1123 384 1166 estote
400 1116 468 1176 viris,
485 1116 549 1166 sicut
571 1117 686 1182 [quando
696 1116 888 1168 etsanctaemulie

115 1190 221 1246 oportet,
236 1182 263 1230 in
275 1182 395 1231 Domino.
581 1182 700 1232 ranteein
711 1183 778 1245 Deo,
787 1183 888 1233 amabunt

148 1247 256 1296 Necnon
274 1247 381 1296 Sanctus
398 1246 487 1296 Petrus
504 1262 549 1311 op·
580 1247 655 1311 jectae
665 1249 775 1314 propriis
785 1247 888 1309 viiis3si

115 1312 176 1361 time
194 1328 236 1360 vos
253 1311 367 1371 instituit,
386 1311 486 1360 dicens:
509 1311 548 1362 Si·
582 1312 720 1363 obediebat
742 1311 888 1373 Abram

114 1377 207 1426 militer
218 1385 243 1426 et
253 1377 369 1426 mulieres
380 1377 488 1426 subditae
499 1377 549 1427 sint
582 1392 640 1428 eum
656 1393 767 1429 vocans:
786 1379 854 1444 cujm
865 1392 888 1427 es

114 1443 174 1491 viris
190 1443 256 1502 suis;
272 1448 300 1491 ut
311 1450 337 1491 et
348 1441 412 1506 siqui
429 1457 482 1491 non
496 1457 548 1491 cre·
581 1442 776 1504 benefacientes,
785 1451 888 1508 etuonp

114 1508 177 1556 dunt
189 1507 274 1568 verbo,
287 1522 333 1572 per
343 1507 475 1557 mulierum
489 1523 548 1558 con·
581 1514 619 1558 tes
628 1507 710 1558 ullum
719 1509 888 1575 perturbationi

115 1645 239 1695 Convenit
259 1657 379 1708 sponsum
399 1653 424 1693 et
442 1656 561 1708 sponsam
580 1641 636 1707 ipso
654 1649 770 1709 tempore
788 1636 888 1690 Murio

147 1726 222 1775 quam
242 1711 351 1774 primum
379 1717 437 1773 post
460 1708 651 1757 Matrimonium
672 1707 826 1757 celebratum
843 1702 888 1754 fieri

148 1779 251 1826 Sacram
263 1775 476 1824 Communionem
488 1774 624 1838 percipere.
