2100 3524
449 265 582 334 bratatin.

60 411 153 469 crepet,
174 405 210 454 ita
227 421 351 453 summam
368 404 404 453 rei
421 407 481 453 satis
498 405 529 454 sit
547 421 679 469 exponere.
722 405 894 454 Mutationum
911 423 964 454 ma-

57 472 140 535 jorem
166 477 264 534 partem
289 470 442 529 admisimus,
469 470 509 519 vel
533 471 623 534 primo,
643 470 675 518 ad
693 486 736 519 eos
762 472 804 535 qui
822 471 848 518 in
874 472 965 520 Officio

61 537 158 585 Divino
187 535 282 600 aliquid
308 535 446 584 exsecuturi
474 536 523 584 sint
551 536 640 584 melius
666 536 821 598 dirigendos3
847 538 915 601 quod
939 539 965 585 in

63 601 181 650 Rubricis
199 602 346 664 plerumque
357 600 386 649 fit
397 609 423 648 et
440 601 465 648 in
484 601 662 649 Kalendariis:
679 601 720 649 vel
737 602 855 660 secundo,
870 609 897 650 ut
909 603 965 651 aliis

59 684 108 731 pro
120 667 224 715 vocibus
236 666 275 714 vel
288 666 456 714 locutionibus
467 667 614 730 antiquioris
629 682 688 714 usus
700 675 878 730 reponerentur
888 669 965 716 verba

58 732 191 781 hodiemae
200 731 304 779 dictioni
317 732 442 795 propiora,
457 731 513 780 aliae
524 747 592 790 vero,
607 747 663 795 quae
674 740 716 779 aut
730 740 831 795 propter
843 733 964 796 ambigui-

58 806 139 846 tatem
157 804 201 844 aut
217 797 290 845 aliter
306 813 383 860 prave
399 796 505 860 intelligi
522 804 632 860 possent,
654 797 743 845 clarius
765 797 964 860 explicarentur:

58 863 101 912 vel
119 863 201 920 tertio,
222 870 248 910 ut
267 862 350 910 Sacrae
369 861 504 925 Scripturae
522 862 655 910 Lectiones
679 878 735 925 quae
752 862 777 910 in
796 863 910 925 Liturgia
927 867 963 911 in·

58 935 176 977 seruntur
192 927 325 990 perfectius
337 927 506 987 redderentur,
521 935 574 975 tum
587 927 613 974 in
625 927 746 990 Epistolis
760 928 961 992 Evangeliisque,

59 1001 116 1043 tum
140 993 167 1040 in
184 992 239 1040 aliis
256 993 359 1041 diversis
378 992 447 1050 locis,
467 1008 523 1056 quae
540 993 646 1056 posthac
663 993 800 1040 secundum
824 993 964 1042 versionem

58 1058 176 1123 proxime
194 1057 288 1106 editam
304 1065 362 1106 sunt
379 1057 499 1120 legendae.
549 1057 718 1106 Commodum
736 1058 811 1106 etiam
828 1059 909 1106 visum
927 1070 963 1108 est

58 1124 188 1173 orationes
200 1123 320 1187 quasdam
339 1131 362 1171 et
374 1123 509 1186 gratiarnm
521 1123 639 1180 actiones,
653 1123 757 1171 diversis
774 1124 847 1171 rebus
860 1131 884 1172 et
902 1132 963 1173 tem·

57 1189 165 1253 poribus
177 1196 256 1252 aptas,
271 1188 379 1252 propriis
395 1191 421 1235 in
438 1187 499 1236 locis
511 1187 635 1246 inserere3
652 1188 717 1236 inter
734 1204 795 1251 quas
808 1189 964 1237 invenientur

59 1254 197 1303 Orationes
209 1254 384 1316 navigantibus
395 1254 512 1317 propriae,
527 1260 552 1301 et
570 1253 641 1301 Ordo
659 1253 781 1316 Baptismi
799 1254 960 1314 Adultorum,

57 1321 112 1384 qui,
125 1335 156 1368 eo
168 1319 271 1367 forsitan
284 1327 397 1382 tempore
408 1335 458 1383 quo
470 1319 538 1382 prior
550 1319 703 1382 compositus
713 1326 749 1366 est
762 1319 838 1366 Liber
849 1319 916 1367 haud
928 1320 964 1368 ita

57 1385 248 1443 desiderandus,
270 1391 394 1432 crescente
418 1392 502 1432 tamen
527 1383 751 1446 Anabaptistarum
777 1392 845 1432 secta
861 1393 964 1449 propter

57 1450 189 1499 licentiam
214 1449 369 1513 temporibus
394 1450 508 1512 proxime
533 1449 738 1497 antecedentibus
762 1450 829 1512 apud
853 1466 899 1498 nos
926 1451 962 1498 in-

56 1523 198 1579 gruentem,
211 1514 264 1577 jam
281 1515 383 1562 tandem
394 1514 547 1563 necessarius
563 1514 630 1562 visus
648 1522 692 1572 est,
707 1521 732 1562 et
749 1515 782 1561 ad
798 1515 962 1578 baptizandos

57 1581 193 1643 indigenas
203 1580 231 1627 in
243 1579 356 1629 Coloniis
368 1580 466 1640 nostris,
481 1588 505 1628 et
517 1579 580 1627 alios
592 1580 623 1626 ad
643 1579 733 1627 Fidem
744 1595 884 1640 conversos,
899 1597 962 1629 sem·

56 1662 103 1710 per
115 1645 171 1693 usui
183 1645 236 1693 erit.
274 1645 302 1694 Si
314 1645 370 1708 quis
382 1653 463 1694 autem
477 1661 507 1693 ea
518 1644 603 1693 omnia
615 1645 708 1708 quaein
720 1644 831 1708 qualibet
844 1645 963 1709 Liturgiae

54 1718 130 1776 parte
141 1718 238 1758 mutata
249 1710 354 1769 suerunt,
367 1710 499 1774 perfectius
511 1709 664 1758 enucleanda
675 1710 766 1773 cupiet,
779 1710 845 1758 hunc
858 1711 963 1759 Librum

55 1793 117 1826 cum
127 1777 209 1839 priore
220 1784 335 1824 accurate
346 1784 489 1839 componat,
501 1776 569 1840 quod
582 1775 602 1823 si
614 1775 696 1834 saciat,
709 1791 807 1823 causam
817 1777 962 1825 mutationis

56 1858 117 1891 eum
130 1841 202 1889 sacile
215 1840 396 1889 intellecturum
409 1857 460 1889 non
472 1841 622 1888 dubitamus.

92 1907 219 1970 Denique,
233 1907 260 1954 in
276 1906 324 1954 hac
341 1907 487 1969 gravissima
498 1922 524 1954 re
542 1906 624 1954 officio
636 1912 721 1953 nostro
739 1912 766 1954 ut
783 1905 809 1952 in
826 1915 963 1969 conspectu

56 1973 109 2021 Dei
128 1972 205 2035 fungi,
221 1979 245 2020 et
261 1972 355 2019 bonam
373 1979 483 2019 nostram
500 1971 576 2019 tidem
593 1987 640 2034 pro
656 1971 722 2018 virili
739 1971 896 2019 conscientiis
908 1988 961 2019 om-

55 2039 130 2086 nium
140 2038 246 2101 probare
258 2037 349 2095 conati,
360 2036 428 2084 haud
441 2044 523 2085 tamen
534 2037 677 2099 ignoramus
689 2036 764 2099 quod,
775 2037 834 2083 dum
847 2036 962 2085 homines

56 2120 113 2152 rem
127 2103 241 2151 eamdem
253 2110 305 2150 tam
318 2102 414 2151 diverse
426 2102 557 2166 accipiant,
572 2102 651 2149 immo
663 2109 714 2149 tam
727 2101 824 2150 diversa
836 2103 958 2161 studeant,

55 2169 130 2218 nullo
147 2167 224 2216 modo
242 2167 359 2216 omnibus
380 2167 520 2216 satisfacere
537 2167 679 2230 possimus:
697 2182 743 2214 nec
764 2167 907 2215 hominibus
925 2168 961 2215 in·

55 2234 135 2298 genio
153 2233 300 2291 ambitiosis,
320 2233 433 2292 morosis,
449 2241 474 2281 et
491 2232 689 2291 contumacibus,
704 2232 842 2295 quidquam
859 2232 961 2295 hujusce

55 2299 158 2363 generis
176 2298 308 2346 arrisurum
326 2313 462 2362 speramus,
483 2298 531 2345 nisi
548 2297 616 2361 quod
634 2297 665 2345 sit
682 2298 714 2345 ab
732 2297 792 2361 ipsis
810 2298 957 2347 consectum.

56 2366 157 2414 Omnes
168 2370 252 2411 tamen
264 2379 335 2411 veros
348 2363 467 2411 Ecclesiae
480 2362 628 2425 Anglicanae
640 2362 712 2420 filios,
725 2379 831 2426 quorum
843 2364 926 2412 sobria
937 2372 962 2412 et

54 2429 165 2494 pacifica
187 2444 257 2477 mens
274 2436 319 2486 est,
340 2435 365 2477 et
382 2444 445 2492 pura
468 2428 627 2485 conscientia,
648 2428 673 2476 id
691 2429 759 2492 quod
776 2429 806 2477 iis
831 2429 856 2476 in
873 2445 962 2478 manus

54 2495 189 2554 tradimus,
209 2509 224 2541 a
242 2493 345 2556 Synodo
362 2494 490 2557 utriusque
508 2493 647 2542 Provinciae
664 2510 761 2541 summa
779 2494 908 2557 diligentia
925 2495 961 2542 in·

55 2568 174 2625 spectum
199 2568 222 2607 et
246 2559 422 2623 approbatum,
443 2569 467 2606 et
488 2559 556 2622 ipsos
572 2560 641 2607 bono
665 2560 749 2607 animo
766 2569 911 2623 accepturos
937 2568 961 2609 et

54 2626 242 2691 approbaturus
253 2641 306 2673 esse
318 2624 473 2673 confidimus.
