2116 3532
77 283 140 333 Dies
150 284 183 332 X
185 284 212 335 V.
477 285 588 353 {dalmi
851 297 897 345 Ad
911 298 975 361 lisp.

68 423 154 473 Deum
166 422 296 488 exquisivi,
310 423 425 473 manibus
441 424 503 473 meis
568 424 707 474 Multitudo
718 424 813 474 sonitus
830 441 949 489 aquarum
963 442 969 474 τ

68 498 145 538 nocte
157 498 245 538 contra
256 505 313 538 eum
328 507 335 538 ε
352 497 377 539 et
385 506 437 539 non
448 506 503 539 sum
535 507 622 539 vocem
634 491 756 540 dederunt
768 491 853 539 nubes.

67 555 198 619 deceptus
569 557 671 605 Etenim
693 556 789 620 sagittae
815 563 864 604 tuae
890 564 969 604 trans·

102 621 199 669 Renuit
210 619 332 669 consolari
341 619 503 670 animamea:
535 632 622 671 eunt:
646 639 696 671 vox
735 622 836 670 tonitrui
872 622 908 669 tui
943 623 968 669 in

67 701 168 735 memor
186 685 222 734 fui
243 686 300 744 Dei,
322 693 348 735 et
366 686 503 735 delectatus
535 696 597 735 rota.

68 766 133 809 sum,
161 757 186 800 et
208 751 357 799 exercitatus
379 767 453 812 sum;
478 760 504 801 et
569 753 707 801 illuxerunt
724 752 905 801 coruscationes
919 759 969 800 tuae

68 816 162 865 defecit
173 816 274 880 spiritus
285 832 361 865 meus.
535 818 590 866 orbi
613 826 684 866 terrae
703 835 709 866 ε
731 826 857 866 commota
884 826 921 865 est
944 826 968 866 et

101 881 313 945 Auticipaverunt
324 881 421 945 vigilias
438 882 503 931 oculi
535 883 684 931 contremuit
696 889 767 931 terra

70 947 119 996 mei
134 965 141 996 ε
159 947 272 995 turbatus
283 963 338 995 sum
350 955 375 997 et
385 963 436 996 non
448 964 503 996 sum
569 949 600 996 ln
618 949 680 996 mari
700 949 741 996 via
761 955 811 1006 tua,
831 956 855 996 et
873 949 968 996 semitae

70 1011 175 1061 locutus.
535 1020 584 1062 tuae
604 1013 630 1061 in
654 1013 725 1077 aquis
745 1012 851 1061 multis:
869 1022 893 1061 et
914 1031 967 1062 ves-

102 1077 220 1141 Cogitavi
243 1077 297 1126 dies
323 1077 460 1142 antiquos:
478 1086 503 1127 et
536 1079 598 1142 tigia
606 1086 651 1126 tua
662 1094 713 1127 non
726 1088 912 1142 cognoscentur.

71 1157 149 1191 annos
160 1150 266 1192 aetemos
278 1143 304 1191 in
315 1152 398 1191 mente
410 1143 492 1193 habui.
568 1144 701 1193 Deduxisti
720 1145 782 1192 sicut
805 1161 864 1193 oves
888 1160 967 1208 popu·

102 1209 136 1257 Et
148 1208 283 1256 meditatus
294 1224 348 1256 sum
361 1216 434 1257 nocte
446 1225 502 1257 curn
534 1208 587 1256 lum
599 1216 668 1257 tuum
684 1227 690 1258 ε
708 1209 734 1258 in
749 1225 825 1257 manu
843 1211 926 1273 Moysi
943 1219 968 1258 et

72 1273 146 1322 corde
167 1289 225 1321 meo
245 1291 251 1321 :
268 1280 293 1321 et
310 1274 462 1322 exercitabar
478 1284 503 1324 et
536 1275 630 1323 Aaron.

71 1338 206 1402 scopebam
216 1339 331 1402 spiritum
343 1355 434 1387 meum.

101 1404 235 1468 Numquid
252 1405 277 1452 in
295 1413 415 1453 aeteruum
427 1405 502 1469 proji·
581 1413 651 1461 DIES
664 1412 720 1463 XV.
757 1410 798 1466 fib
814 1409 946 1478 Ptsltttttss·

72 1469 117 1519 ciet
129 1470 201 1518 Deus
215 1487 222 1518 :
239 1479 282 1518 aut
294 1486 345 1518 non
357 1480 467 1534 apponet
474 1478 503 1520 ut

72 1535 241 1599 complacitior
252 1535 283 1583 sit
295 1535 395 1584 adhuc?
600 1561 731 1611 PSALMUS
748 1561 890 1611 LXXVIII

99 1601 154 1649 Aut
170 1600 198 1648 in
215 1600 290 1649 finem
308 1600 502 1650 misericordiam
892 1599 898 1610 ’

71 1679 137 1714 suam
147 1666 277 1714 abscindet
293 1683 299 1714 ε
316 1668 502 1729 ageneratione
603 1665 829 1719 TTENDITE,
873 1664 967 1728 popule

72 1728 92 1779 iu
102 1731 312 1795 generationem?
632 1747 709 1789 meus,
724 1731 805 1794 legem
816 1746 898 1779 meam
912 1748 917 1777 :
930 1731 965 1777 in·

99 1797 154 1844 Aut
194 1796 353 1845 obliviscetur
391 1797 501 1846 misereri
533 1794 624 1844 clinate
636 1812 720 1845 aurem
732 1805 839 1845 vestram
853 1797 879 1843 in
892 1797 967 1844 verba

71 1859 158 1911 Deus?
185 1869 229 1910 aut
251 1862 389 1911 continebit
417 1862 443 1911 in
465 1863 501 1912 ira
533 1861 583 1909 oris
594 1862 651 1910 mei.

69 1927 307 1976 vuamisericordias
319 1929 393 1976 suas?
567 1927 688 1990 Aperiam
720 1927 745 1974 in
779 1926 905 1990 parabolis
937 1942 965 1974 os

98 1993 134 2041 Et
157 1992 219 2051 dixi,
244 1992 320 2041 Nunc
343 1993 408 2057 coepi
424 2010 430 2042 :
447 1993 501 2043 haec
533 2007 644 2040 meum:
666 1993 754 2057 loquar
782 1992 966 2056 propositiones

67 2058 175 2107 mutatio
187 2058 294 2107 dexterae
307 2058 413 2107 Excelsi.
533 2058 566 2106 ab
577 2057 655 2106 initio.

97 2123 202 2172 Memor
212 2122 248 2171 t'ui
259 2138 362 2187 operum
380 2124 501 2174 Domini:
567 2123 669 2185 Quanta
684 2123 824 2171 audivimus
837 2131 860 2170 et
873 2138 964 2184 cogno·

66 2189 126 2253 quia
137 2203 236 2237 memor
247 2204 289 2238 ero
301 2189 333 2238 ab
344 2189 416 2238 initio
428 2191 501 2238 mira·
533 2188 613 2237 vimus
626 2204 655 2237 ea
667 2207 673 2237 ε
686 2197 710 2237 et
721 2197 804 2251 patres
821 2189 897 2236 nostri
910 2204 965 2235 nar·

65 2254 157 2303 biliam
168 2260 277 2313 tuorum,
533 2263 649 2302 raverunt
661 2254 740 2303 nobis

98 2319 134 2368 Et
162 2319 305 2368 meditabor
331 2320 357 2367 in
385 2321 501 2369 omnibus
566 2319 627 2367 Non
650 2327 707 2367 sunt
729 2318 853 2367 occultata
874 2334 888 2365 a
909 2317 966 2366 filiis

65 2384 186 2449 operibus
206 2388 275 2432 tuis:
292 2393 317 2434 et
336 2385 363 2433 in
383 2384 501 2436 adinven·
533 2400 619 2433 eorum
631 2402 636 2432 :
649 2385 674 2432 in
686 2384 845 2448 generatione
857 2383 941 2431 altera.

65 2450 179 2499 tionibus
192 2449 242 2498 tuis
253 2451 391 2499 exercebor.
566 2451 592 2498 N
594 2458 703 2499 anantes
715 2450 801 2497 laudes
819 2450 922 2496 Domini
940 2455 965 2497 et

99 2515 180 2573 Deus,
210 2515 236 2563 in
264 2523 350 2564 sancto
373 2515 414 2564 via
440 2522 501 2577 tua;
532 2516 636 2564 virtutes
647 2515 718 2579 ejus:
736 2523 761 2563 et
777 2515 901 2562 mirabilia
913 2513 965 2576 ejus

64 2581 122 2644 quis
141 2581 212 2628 Deus
227 2595 332 2644 magnus
348 2581 411 2630 sicut
432 2581 502 2631 Deus
534 2597 589 2646 quae
601 2581 666 2629 fecit.

64 2646 171 2694 noster?
190 2653 217 2693 tu
237 2661 263 2694 es
287 2647 356 2695 Deus
378 2646 421 2711 qui
440 2647 501 2696 facis
567 2647 600 2694 Et
634 2645 761 2694 suscitavit
796 2644 965 2693 testimonium

65 2709 199 2760 mirabilia.
533 2711 559 2759 in
577 2713 657 2776 Jacob
674 2729 680 2759 z
697 2719 722 2760 et
742 2711 822 2774 legem
840 2710 923 2773 posuit
941 2710 966 2757 in

99 2776 198 2824 Notam
209 2774 287 2825 fecisti
299 2776 325 2825 in
336 2777 436 2841 populis
455 2778 501 2826 vir·
533 2777 618 2827 Israel.

66 2848 147 2891 tutem
159 2849 229 2890 tuam
244 2859 250 2890 ε
268 2843 395 2892 redemisti
407 2843 433 2891 in
445 2843 500 2892 bra-
566 2844 667 2906 Quanta
694 2841 823 2889 mandavit
855 2841 966 2904 patribus

65 2907 123 2956 chio
140 2914 184 2955 tuo
200 2907 322 2971 populum
340 2916 419 2969 tuum,
437 2908 501 2958 filios
532 2909 622 2957 nostris
642 2926 648 2957 ε
670 2915 731 2956 nota
753 2906 835 2955 iacere
858 2923 887 2954 ea
909 2905 966 2953 tiliis

65 2973 145 3036 Jacob
157 2980 183 3020 et
192 2973 295 3036 Joseph.
532 2975 597 3034 suis;
627 2981 655 3022 ut
682 2980 816 3036 cognoscat
838 2972 966 3034 generatio

99 3038 224 3087 Viderunt
253 3045 277 3087 te
308 3054 387 3102 aqnae,
420 3040 497 3099 Deus,
532 3040 625 3098 altera;

65 3103 181 3152 viderunt
193 3110 218 3152 te
228 3119 300 3167 aquae
312 3112 336 3153 et
348 3104 500 3155 timuerunt:
567 3105 626 3152 Filii
643 3103 685 3168 qui
705 3109 871 3164 nascenturet
884 3118 965 3149 exsur-

67 3175 91 3217 et
102 3168 210 3279 turlgatae
221 3177 278 3217 sunt
290 3169 378 3233 abyssi.
534 3178 596 3238 gent
610 3188 617 3222 ι
634 3178 661 3221 et
670 3168 812 3220 narrabunt
819 3167 882 3216 liliis
890 3167 953 3214 stirs.

128 3242 179 3292 25
