<?xml version="1.0" encoding="UTF-8"?>
<!DOCTYPE html PUBLIC "-//W3C//DTD XHTML 1.0 Transitional//EN"
    "http://www.w3.org/TR/xhtml1/DTD/xhtml1-transitional.dtd">
<html xmlns="http://www.w3.org/1999/xhtml" xml:lang="en" lang="en">
 <head>
  <title>
</title>
<meta http-equiv="Content-Type" content="text/html;charset=utf-8" />
  <meta name='ocr-system' content='tesseract 3.04.00' />
  <meta name='ocr-capabilities' content='ocr_page ocr_carea ocr_par ocr_line ocrx_word'/>
</head>
<body>
  <div class='ocr_page' id='page_1' title='image "./liberprecumpubl00englgoog_0030.png"; bbox 0 0 2116 3532; ppageno 0'>
   <div class='ocr_carea' id='block_1_1' title="bbox 238 259 751 333">
    <p class='ocr_par' dir='ltr' id='par_1_1' title="bbox 238 259 751 333">
     <span class='ocr_line' id='line_1_1' title="bbox 238 259 751 333; baseline 0.012 -19"><span class='ocrx_word' id='word_1_1' title='bbox 238 259 312 315; x_wconf 60' lang='lat' dir='ltr'>tutto</span> <span class='ocrx_word' id='word_1_2' title='bbox 329 261 438 328; x_wconf 64' lang='lat' dir='ltr'>{tinniit</span> <span class='ocrx_word' id='word_1_3' title='bbox 456 262 564 318; x_wconf 60' lang='lat' dir='ltr'>Sacram</span> <span class='ocrx_word' id='word_1_4' title='bbox 582 263 751 333; x_wconf 61' lang='lat' dir='ltr'>Sublatam.</span> 
     </span>
    </p>
   </div>
   <div class='ocr_carea' id='block_1_2' title="bbox 88 520 906 708">
    <p class='ocr_par' dir='ltr' id='par_1_2' title="bbox 88 520 906 708">
     <span class='ocr_line' id='line_1_2' title="bbox 88 520 906 610; baseline 0.009 -23"><span class='ocrx_word' id='word_1_5' title='bbox 88 520 111 578; x_wconf 74' lang='lat' dir='ltr'>il</span> <span class='ocrx_word' id='word_1_6' title='bbox 135 521 219 588; x_wconf 62' lang='lat' dir='ltr'>lituu</span> <span class='ocrx_word' id='word_1_7' title='bbox 241 523 276 586; x_wconf 83' lang='lat' dir='ltr'>iu</span> <span class='ocrx_word' id='word_1_8' title='bbox 297 523 438 604; x_wconf 57' lang='lat' dir='ltr'>{leliqua</span> <span class='ocrx_word' id='word_1_9' title='bbox 458 528 561 604; x_wconf 60' lang='lat' dir='ltr'>,barra</span> <span class='ocrx_word' id='word_1_10' title='bbox 581 529 748 608; x_wconf 51' lang='lat' dir='ltr'>§ceinture</span> <span class='ocrx_word' id='word_1_11' title='bbox 769 530 906 610; x_wconf 54' lang='lat' dir='ltr'>{agenta</span> 
     </span>
     <span class='ocr_line' id='line_1_3' title="bbox 395 631 588 708; baseline 0.031 -16"><span class='ocrx_word' id='word_1_12' title='bbox 395 631 588 708; x_wconf 57' lang='lat' dir='ltr'>,struamus</span> 
     </span>
    </p>
   </div>
   <div class='ocr_carea' id='block_1_3' title="bbox 20 810 945 2233">
    <p class='ocr_par' dir='ltr' id='par_1_3' title="bbox 62 810 944 1007">
     <span class='ocr_line' id='line_1_4' title="bbox 133 810 944 876; baseline -0.002 -16"><span class='ocrx_word' id='word_1_13' title='bbox 133 812 203 862; x_wconf 88' lang='lat' dir='ltr'>TUS</span> <span class='ocrx_word' id='word_1_14' title='bbox 221 812 412 860; x_wconf 84' lang='lat' dir='ltr'><strong>Testamentum</strong></span> <span class='ocrx_word' id='word_1_15' title='bbox 424 828 470 876; x_wconf 90' lang='lat' dir='ltr'>pro</span> <span class='ocrx_word' id='word_1_16' title='bbox 482 811 644 860; x_wconf 83' lang='lat' dir='ltr'>Lectionibus</span> <span class='ocrx_word' id='word_1_17' title='bbox 655 810 743 874; x_wconf 92' lang='lat' dir='ltr'>primis</span> <span class='ocrx_word' id='word_1_18' title='bbox 760 812 793 859; x_wconf 95' lang='lat' dir='ltr'>ad</span> <span class='ocrx_word' id='word_1_19' title='bbox 806 811 944 859; x_wconf 89' lang='lat' dir='ltr'>Matutinas</span> 
     </span>
     <span class='ocr_line' id='line_1_5' title="bbox 141 876 944 942; baseline -0.001 -16"><span class='ocrx_word' id='word_1_20' title='bbox 141 887 166 926; x_wconf 89' lang='lat' dir='ltr'>et</span> <span class='ocrx_word' id='word_1_21' title='bbox 177 878 210 926; x_wconf 90' lang='lat' dir='ltr'>ad</span> <span class='ocrx_word' id='word_1_22' title='bbox 222 878 347 942; x_wconf 81' lang='lat' dir='ltr'>Vesperas</span> <span class='ocrx_word' id='word_1_23' title='bbox 364 878 399 925; x_wconf 89' lang='lat' dir='ltr'>ita</span> <span class='ocrx_word' id='word_1_24' title='bbox 416 877 562 940; x_wconf 81' lang='lat' dir='ltr'>assignatur,</span> <span class='ocrx_word' id='word_1_25' title='bbox 583 884 609 925; x_wconf 94' lang='lat' dir='ltr'>ut</span> <span class='ocrx_word' id='word_1_26' title='bbox 626 877 707 940; x_wconf 87' lang='lat' dir='ltr'>major</span> <span class='ocrx_word' id='word_1_27' title='bbox 724 877 777 940; x_wconf 89' lang='lat' dir='ltr'>ejus</span> <span class='ocrx_word' id='word_1_28' title='bbox 794 893 851 941; x_wconf 88' lang='lat' dir='ltr'>pars</span> <span class='ocrx_word' id='word_1_29' title='bbox 867 876 944 925; x_wconf 90' lang='lat' dir='ltr'>semel</span> 
     </span>
     <span class='ocr_line' id='line_1_6' title="bbox 62 942 825 1007; baseline 0.003 -19"><span class='ocrx_word' id='word_1_30' title='bbox 62 955 198 1007; x_wconf 90' lang='lat' dir='ltr'>unoquoque</span> <span class='ocrx_word' id='word_1_31' title='bbox 209 959 276 990; x_wconf 88' lang='lat' dir='ltr'>anno</span> <span class='ocrx_word' id='word_1_32' title='bbox 289 943 393 1006; x_wconf 85' lang='lat' dir='ltr'>legatur,</span> <span class='ocrx_word' id='word_1_33' title='bbox 408 943 471 991; x_wconf 88' lang='lat' dir='ltr'>sicut</span> <span class='ocrx_word' id='word_1_34' title='bbox 483 944 509 990; x_wconf 95' lang='lat' dir='ltr'>in</span> <span class='ocrx_word' id='word_1_35' title='bbox 522 942 677 991; x_wconf 88' lang='lat' dir='ltr'>Kalendario</span> <span class='ocrx_word' id='word_1_36' title='bbox 689 943 825 990; x_wconf 89' lang='lat' dir='ltr'>ordinatur.</span> 
     </span>
    </p>

    <p class='ocr_par' dir='ltr' id='par_1_4' title="bbox 20 1007 945 1334">
     <span class='ocr_line' id='line_1_7' title="bbox 84 1007 945 1072; baseline -0.001 -17"><span class='ocrx_word' id='word_1_37' title='bbox 84 1007 179 1056; x_wconf 88' lang='lat' dir='ltr'>Novum</span> <span class='ocrx_word' id='word_1_38' title='bbox 197 1009 384 1056; x_wconf 77' lang='lat' dir='ltr'>Testamentum</span> <span class='ocrx_word' id='word_1_39' title='bbox 398 1024 444 1072; x_wconf 91' lang='lat' dir='ltr'>pro</span> <span class='ocrx_word' id='word_1_40' title='bbox 456 1008 618 1057; x_wconf 82' lang='lat' dir='ltr'>Lectionibus</span> <span class='ocrx_word' id='word_1_41' title='bbox 630 1008 744 1056; x_wconf 91' lang='lat' dir='ltr'>secundis</span> <span class='ocrx_word' id='word_1_42' title='bbox 757 1009 789 1056; x_wconf 89' lang='lat' dir='ltr'>ad</span> <span class='ocrx_word' id='word_1_43' title='bbox 806 1007 945 1056; x_wconf 86' lang='lat' dir='ltr'>Matutinas</span> 
     </span>
     <span class='ocr_line' id='line_1_8' title="bbox 61 1073 944 1138; baseline 0.002 -20"><span class='ocrx_word' id='word_1_44' title='bbox 61 1077 78 1118; x_wconf 89' lang='lat' dir='ltr'>et</span> <span class='ocrx_word' id='word_1_45' title='bbox 90 1075 119 1121; x_wconf 84' lang='lat' dir='ltr'>ad</span> <span class='ocrx_word' id='word_1_46' title='bbox 135 1074 260 1138; x_wconf 90' lang='lat' dir='ltr'>Vesperas</span> <span class='ocrx_word' id='word_1_47' title='bbox 276 1075 313 1121; x_wconf 90' lang='lat' dir='ltr'>ita</span> <span class='ocrx_word' id='word_1_48' title='bbox 330 1074 476 1136; x_wconf 85' lang='lat' dir='ltr'>assignatur,</span> <span class='ocrx_word' id='word_1_49' title='bbox 496 1082 523 1121; x_wconf 91' lang='lat' dir='ltr'>ut</span> <span class='ocrx_word' id='word_1_50' title='bbox 542 1082 580 1122; x_wconf 89' lang='lat' dir='ltr'>ter</span> <span class='ocrx_word' id='word_1_51' title='bbox 596 1089 748 1137; x_wconf 91' lang='lat' dir='ltr'>unoquoque</span> <span class='ocrx_word' id='word_1_52' title='bbox 765 1089 831 1121; x_wconf 89' lang='lat' dir='ltr'>anno</span> <span class='ocrx_word' id='word_1_53' title='bbox 856 1073 944 1121; x_wconf 87' lang='lat' dir='ltr'>ordine</span> 
     </span>
     <span class='ocr_line' id='line_1_9' title="bbox 20 1139 945 1203; baseline 0.001 -18"><span class='ocrx_word' id='word_1_54' title='bbox 20 1190 24 1195; x_wconf 57' lang='grc'><strong><em>,</em></strong></span> <span class='ocrx_word' id='word_1_55' title='bbox 60 1140 189 1203; x_wconf 73' lang='lat' dir='ltr'>praescripto</span> <span class='ocrx_word' id='word_1_56' title='bbox 214 1140 318 1202; x_wconf 83' lang='lat' dir='ltr'>legatur,</span> <span class='ocrx_word' id='word_1_57' title='bbox 344 1148 433 1203; x_wconf 83' lang='lat' dir='ltr'>praeter</span> <span class='ocrx_word' id='word_1_58' title='bbox 457 1139 585 1202; x_wconf 87' lang='lat' dir='ltr'>Epistolas</span> <span class='ocrx_word' id='word_1_59' title='bbox 610 1146 634 1187; x_wconf 90' lang='lat' dir='ltr'>et</span> <span class='ocrx_word' id='word_1_60' title='bbox 661 1139 816 1201; x_wconf 80' lang='lat' dir='ltr'>Evangelia3</span> <span class='ocrx_word' id='word_1_61' title='bbox 840 1147 945 1202; x_wconf 88' lang='lat' dir='ltr'>excepta</span> 
     </span>
     <span class='ocr_line' id='line_1_10' title="bbox 60 1204 944 1268; baseline 0.005 -21"><span class='ocrx_word' id='word_1_62' title='bbox 60 1211 126 1251; x_wconf 88' lang='lat' dir='ltr'>autem</span> <span class='ocrx_word' id='word_1_63' title='bbox 139 1205 301 1268; x_wconf 83' lang='lat' dir='ltr'><strong>Apocalypsi,</strong></span> <span class='ocrx_word' id='word_1_64' title='bbox 316 1220 366 1268; x_wconf 92' lang='lat' dir='ltr'>quo</span> <span class='ocrx_word' id='word_1_65' title='bbox 379 1221 409 1252; x_wconf 87' lang='lat' dir='ltr'>ex</span> <span class='ocrx_word' id='word_1_66' title='bbox 420 1204 485 1252; x_wconf 88' lang='lat' dir='ltr'>libro</span> <span class='ocrx_word' id='word_1_67' title='bbox 497 1204 596 1252; x_wconf 93' lang='lat' dir='ltr'>nonnisi</span> <span class='ocrx_word' id='word_1_68' title='bbox 608 1205 725 1268; x_wconf 85' lang='lat' dir='ltr'>quaedam</span> <span class='ocrx_word' id='word_1_69' title='bbox 738 1205 870 1252; x_wconf 86' lang='lat' dir='ltr'>Lectiones</span> <span class='ocrx_word' id='word_1_70' title='bbox 883 1204 944 1252; x_wconf 91' lang='lat' dir='ltr'>Pro·</span> 
     </span>
     <span class='ocr_line' id='line_1_11' title="bbox 59 1269 533 1334; baseline 0.008 -20"><span class='ocrx_word' id='word_1_71' title='bbox 59 1269 105 1328; x_wconf 82' lang='lat' dir='ltr'>priae</span> <span class='ocrx_word' id='word_1_72' title='bbox 117 1271 196 1318; x_wconf 88' lang='lat' dir='ltr'>Festis</span> <span class='ocrx_word' id='word_1_73' title='bbox 208 1271 359 1334; x_wconf 87' lang='lat' dir='ltr'>quibusdam</span> <span class='ocrx_word' id='word_1_74' title='bbox 371 1270 533 1332; x_wconf 80' lang='lat' dir='ltr'>assignantur.</span> 
     </span>
    </p>

    <p class='ocr_par' dir='ltr' id='par_1_5' title="bbox 56 1334 944 1791">
     <span class='ocr_line' id='line_1_12' title="bbox 83 1334 941 1398; baseline -0.002 -15"><span class='ocrx_word' id='word_1_75' title='bbox 83 1334 114 1383; x_wconf 92' lang='lat' dir='ltr'>Ut</span> <span class='ocrx_word' id='word_1_76' title='bbox 136 1344 220 1383; x_wconf 86' lang='lat' dir='ltr'>autem</span> <span class='ocrx_word' id='word_1_77' title='bbox 245 1336 308 1383; x_wconf 89' lang='lat' dir='ltr'>scias</span> <span class='ocrx_word' id='word_1_78' title='bbox 325 1351 381 1398; x_wconf 86' lang='lat' dir='ltr'>quae</span> <span class='ocrx_word' id='word_1_79' title='bbox 407 1335 540 1384; x_wconf 88' lang='lat' dir='ltr'>Lectiones</span> <span class='ocrx_word' id='word_1_80' title='bbox 557 1335 669 1398; x_wconf 91' lang='lat' dir='ltr'>quolibet</span> <span class='ocrx_word' id='word_1_81' title='bbox 693 1334 734 1382; x_wconf 88' lang='lat' dir='ltr'>die</span> <span class='ocrx_word' id='word_1_82' title='bbox 752 1334 801 1397; x_wconf 84' lang='lat' dir='ltr'>legi</span> <span class='ocrx_word' id='word_1_83' title='bbox 825 1334 941 1393; x_wconf 87' lang='lat' dir='ltr'>debeant,</span> 
     </span>
     <span class='ocr_line' id='line_1_13' title="bbox 59 1399 944 1464; baseline 0.002 -19"><span class='ocrx_word' id='word_1_84' title='bbox 59 1412 124 1458; x_wconf 86' lang='lat' dir='ltr'>quaere</span> <span class='ocrx_word' id='word_1_85' title='bbox 140 1401 208 1449; x_wconf 89' lang='lat' dir='ltr'>diem</span> <span class='ocrx_word' id='word_1_86' title='bbox 226 1401 319 1448; x_wconf 86' lang='lat' dir='ltr'>mensis</span> <span class='ocrx_word' id='word_1_87' title='bbox 331 1401 356 1448; x_wconf 92' lang='lat' dir='ltr'>in</span> <span class='ocrx_word' id='word_1_88' title='bbox 374 1401 487 1464; x_wconf 89' lang='lat' dir='ltr'>sequenti</span> <span class='ocrx_word' id='word_1_89' title='bbox 505 1400 679 1459; x_wconf 81' lang='lat' dir='ltr'>Kalendari03</span> <span class='ocrx_word' id='word_1_90' title='bbox 696 1399 752 1448; x_wconf 90' lang='lat' dir='ltr'>istic</span> <span class='ocrx_word' id='word_1_91' title='bbox 770 1400 837 1447; x_wconf 88' lang='lat' dir='ltr'>enim</span> <span class='ocrx_word' id='word_1_92' title='bbox 855 1400 944 1447; x_wconf 88' lang='lat' dir='ltr'>Libros</span> 
     </span>
     <span class='ocr_line' id='line_1_14' title="bbox 58 1465 942 1529; baseline 0.005 -20"><span class='ocrx_word' id='word_1_93' title='bbox 58 1473 75 1509; x_wconf 90' lang='lat' dir='ltr'>et</span> <span class='ocrx_word' id='word_1_94' title='bbox 88 1465 174 1529; x_wconf 84' lang='lat' dir='ltr'>Capita</span> <span class='ocrx_word' id='word_1_95' title='bbox 192 1466 303 1514; x_wconf 90' lang='lat' dir='ltr'>invenies</span> <span class='ocrx_word' id='word_1_96' title='bbox 316 1466 463 1514; x_wconf 87' lang='lat' dir='ltr'>Lectionum</span> <span class='ocrx_word' id='word_1_97' title='bbox 482 1481 538 1529; x_wconf 87' lang='lat' dir='ltr'>quae</span> <span class='ocrx_word' id='word_1_98' title='bbox 555 1474 580 1514; x_wconf 90' lang='lat' dir='ltr'>et</span> <span class='ocrx_word' id='word_1_99' title='bbox 592 1466 625 1513; x_wconf 89' lang='lat' dir='ltr'>ad</span> <span class='ocrx_word' id='word_1_100' title='bbox 643 1465 781 1513; x_wconf 87' lang='lat' dir='ltr'>Matutinas</span> <span class='ocrx_word' id='word_1_101' title='bbox 793 1473 818 1513; x_wconf 90' lang='lat' dir='ltr'>et</span> <span class='ocrx_word' id='word_1_102' title='bbox 835 1465 867 1512; x_wconf 91' lang='lat' dir='ltr'>ad</span> <span class='ocrx_word' id='word_1_103' title='bbox 880 1465 942 1513; x_wconf 87' lang='lat' dir='ltr'>Ves-</span> 
     </span>
     <span class='ocr_line' id='line_1_15' title="bbox 59 1530 943 1594; baseline 0.001 -18"><span class='ocrx_word' id='word_1_104' title='bbox 59 1543 114 1588; x_wconf 84' lang='lat' dir='ltr'>peras</span> <span class='ocrx_word' id='word_1_105' title='bbox 130 1540 186 1579; x_wconf 89' lang='lat' dir='ltr'>sunt</span> <span class='ocrx_word' id='word_1_106' title='bbox 200 1531 330 1594; x_wconf 81' lang='lat' dir='ltr'>legendae3</span> <span class='ocrx_word' id='word_1_107' title='bbox 347 1532 394 1579; x_wconf 90' lang='lat' dir='ltr'>nisi</span> <span class='ocrx_word' id='word_1_108' title='bbox 412 1531 438 1578; x_wconf 91' lang='lat' dir='ltr'>in</span> <span class='ocrx_word' id='word_1_109' title='bbox 451 1531 532 1579; x_wconf 90' lang='lat' dir='ltr'>Festis</span> <span class='ocrx_word' id='word_1_110' title='bbox 551 1530 697 1590; x_wconf 88' lang='lat' dir='ltr'>Mobilibus,</span> <span class='ocrx_word' id='word_1_111' title='bbox 712 1546 768 1594; x_wconf 85' lang='lat' dir='ltr'>quae</span> <span class='ocrx_word' id='word_1_112' title='bbox 780 1547 832 1578; x_wconf 89' lang='lat' dir='ltr'>nou</span> <span class='ocrx_word' id='word_1_113' title='bbox 850 1530 943 1578; x_wconf 88' lang='lat' dir='ltr'>Kalen·</span> 
     </span>
     <span class='ocr_line' id='line_1_16' title="bbox 58 1593 943 1659; baseline -0.001 -16"><span class='ocrx_word' id='word_1_114' title='bbox 58 1593 112 1644; x_wconf 82' lang='lat' dir='ltr'>dario</span> <span class='ocrx_word' id='word_1_115' title='bbox 128 1597 221 1655; x_wconf 90' lang='lat' dir='ltr'>insunt,</span> <span class='ocrx_word' id='word_1_116' title='bbox 242 1605 267 1644; x_wconf 89' lang='lat' dir='ltr'>et</span> <span class='ocrx_word' id='word_1_117' title='bbox 290 1597 317 1644; x_wconf 92' lang='lat' dir='ltr'>in</span> <span class='ocrx_word' id='word_1_118' title='bbox 344 1597 425 1644; x_wconf 87' lang='lat' dir='ltr'>Festis</span> <span class='ocrx_word' id='word_1_119' title='bbox 449 1595 633 1655; x_wconf 82' lang='lat' dir='ltr'>immobilibus,</span> <span class='ocrx_word' id='word_1_120' title='bbox 653 1612 710 1659; x_wconf 85' lang='lat' dir='ltr'>quae</span> <span class='ocrx_word' id='word_1_121' title='bbox 736 1596 762 1643; x_wconf 93' lang='lat' dir='ltr'>in</span> <span class='ocrx_word' id='word_1_122' title='bbox 788 1596 943 1643; x_wconf 86' lang='lat' dir='ltr'>Kalendario</span> 
     </span>
     <span class='ocr_line' id='line_1_17' title="bbox 57 1657 942 1725; baseline 0.001 -17"><span class='ocrx_word' id='word_1_123' title='bbox 57 1657 160 1711; x_wconf 81' lang='lat' dir='ltr'>Lectione</span> <span class='ocrx_word' id='word_1_124' title='bbox 173 1670 266 1721; x_wconf 85' lang='lat' dir='ltr'>carent,</span> <span class='ocrx_word' id='word_1_125' title='bbox 281 1663 371 1725; x_wconf 92' lang='lat' dir='ltr'>quibus</span> <span class='ocrx_word' id='word_1_126' title='bbox 384 1662 500 1709; x_wconf 92' lang='lat' dir='ltr'>omnibus</span> <span class='ocrx_word' id='word_1_127' title='bbox 512 1662 601 1709; x_wconf 92' lang='lat' dir='ltr'>diebus</span> <span class='ocrx_word' id='word_1_128' title='bbox 613 1677 664 1709; x_wconf 88' lang='lat' dir='ltr'>suae</span> <span class='ocrx_word' id='word_1_129' title='bbox 676 1661 868 1724; x_wconf 85' lang='lat' dir='ltr'>assignabuntur</span> <span class='ocrx_word' id='word_1_130' title='bbox 880 1661 942 1709; x_wconf 91' lang='lat' dir='ltr'>Lec-</span> 
     </span>
     <span class='ocr_line' id='line_1_18' title="bbox 56 1724 734 1791; baseline 0.006 -21"><span class='ocrx_word' id='word_1_131' title='bbox 56 1724 120 1775; x_wconf 87' lang='lat' dir='ltr'>tiones</span> <span class='ocrx_word' id='word_1_132' title='bbox 132 1728 244 1791; x_wconf 81' lang='lat' dir='ltr'>Propriae</span> <span class='ocrx_word' id='word_1_133' title='bbox 256 1728 282 1775; x_wconf 91' lang='lat' dir='ltr'>in</span> <span class='ocrx_word' id='word_1_134' title='bbox 294 1727 393 1776; x_wconf 87' lang='lat' dir='ltr'>Tabula</span> <span class='ocrx_word' id='word_1_135' title='bbox 405 1727 554 1776; x_wconf 88' lang='lat' dir='ltr'>Lectionum</span> <span class='ocrx_word' id='word_1_136' title='bbox 567 1727 734 1790; x_wconf 82' lang='lat' dir='ltr'>Propriamm.</span> 
     </span>
    </p>

    <p class='ocr_par' dir='ltr' id='par_1_6' title="bbox 55 1791 943 2053">
     <span class='ocr_line' id='line_1_19' title="bbox 80 1791 943 1856; baseline -0.002 -16"><span class='ocrx_word' id='word_1_137' title='bbox 80 1792 211 1840; x_wconf 87' lang='lat' dir='ltr'>Sciendum</span> <span class='ocrx_word' id='word_1_138' title='bbox 229 1801 265 1840; x_wconf 90' lang='lat' dir='ltr'>est</span> <span class='ocrx_word' id='word_1_139' title='bbox 283 1793 366 1850; x_wconf 88' lang='lat' dir='ltr'>etiam,</span> <span class='ocrx_word' id='word_1_140' title='bbox 382 1793 450 1856; x_wconf 91' lang='lat' dir='ltr'>quod</span> <span class='ocrx_word' id='word_1_141' title='bbox 462 1793 663 1855; x_wconf 85' lang='lat' dir='ltr'>quandocunque</span> <span class='ocrx_word' id='word_1_142' title='bbox 680 1792 720 1839; x_wconf 92' lang='lat' dir='ltr'>vel</span> <span class='ocrx_word' id='word_1_143' title='bbox 733 1792 826 1840; x_wconf 87' lang='lat' dir='ltr'>Psalmi</span> <span class='ocrx_word' id='word_1_144' title='bbox 845 1791 943 1855; x_wconf 89' lang='lat' dir='ltr'>Proprii</span> 
     </span>
     <span class='ocr_line' id='line_1_20' title="bbox 56 1856 941 1920; baseline 0.002 -19"><span class='ocrx_word' id='word_1_145' title='bbox 56 1856 84 1903; x_wconf 78' lang='lat' dir='ltr'>vel</span> <span class='ocrx_word' id='word_1_146' title='bbox 106 1859 238 1907; x_wconf 88' lang='lat' dir='ltr'>Lectiones</span> <span class='ocrx_word' id='word_1_147' title='bbox 262 1859 425 1920; x_wconf 85' lang='lat' dir='ltr'>assignantur,</span> <span class='ocrx_word' id='word_1_148' title='bbox 447 1858 541 1905; x_wconf 85' lang='lat' dir='ltr'>Psalmi</span> <span class='ocrx_word' id='word_1_149' title='bbox 558 1857 598 1905; x_wconf 83' lang='lat' dir='ltr'>vel</span> <span class='ocrx_word' id='word_1_150' title='bbox 624 1857 757 1905; x_wconf 87' lang='lat' dir='ltr'>Lectiones</span> <span class='ocrx_word' id='word_1_151' title='bbox 783 1857 891 1905; x_wconf 85' lang='lat' dir='ltr'>Feriales</span> <span class='ocrx_word' id='word_1_152' title='bbox 916 1857 941 1904; x_wconf 93' lang='lat' dir='ltr'>in</span> 
     </span>
     <span class='ocr_line' id='line_1_21' title="bbox 56 1919 942 1986; baseline -0.001 -16"><span class='ocrx_word' id='word_1_153' title='bbox 56 1919 160 1971; x_wconf 84' lang='lat' dir='ltr'>Psalterio</span> <span class='ocrx_word' id='word_1_154' title='bbox 172 1923 212 1971; x_wconf 92' lang='lat' dir='ltr'>vel</span> <span class='ocrx_word' id='word_1_155' title='bbox 225 1924 250 1970; x_wconf 94' lang='lat' dir='ltr'>in</span> <span class='ocrx_word' id='word_1_156' title='bbox 264 1923 418 1971; x_wconf 87' lang='lat' dir='ltr'>Kalendario</span> <span class='ocrx_word' id='word_1_157' title='bbox 431 1923 589 1986; x_wconf 77' lang='lat' dir='ltr'>praescriptae,</span> <span class='ocrx_word' id='word_1_158' title='bbox 605 1923 626 1970; x_wconf 92' lang='lat' dir='ltr'>si</span> <span class='ocrx_word' id='word_1_159' title='bbox 638 1922 729 1970; x_wconf 84' lang='lat' dir='ltr'>suerint</span> <span class='ocrx_word' id='word_1_160' title='bbox 741 1922 853 1981; x_wconf 83' lang='lat' dir='ltr'>diversae,</span> <span class='ocrx_word' id='word_1_161' title='bbox 869 1923 942 1970; x_wconf 89' lang='lat' dir='ltr'>omit·</span> 
     </span>
     <span class='ocr_line' id='line_1_22' title="bbox 55 1989 312 2053; baseline 0.019 -22"><span class='ocrx_word' id='word_1_162' title='bbox 55 1992 122 2036; x_wconf 83' lang='lat' dir='ltr'>tentor</span> <span class='ocrx_word' id='word_1_163' title='bbox 133 2005 180 2053; x_wconf 86' lang='lat' dir='ltr'>pro</span> <span class='ocrx_word' id='word_1_164' title='bbox 192 1989 239 2036; x_wconf 90' lang='lat' dir='ltr'>hac</span> <span class='ocrx_word' id='word_1_165' title='bbox 251 1989 312 2036; x_wconf 84' lang='lat' dir='ltr'>vice.</span> 
     </span>
    </p>

    <p class='ocr_par' dir='ltr' id='par_1_7' title="bbox 55 2052 943 2233">
     <span class='ocr_line' id='line_1_23' title="bbox 80 2052 943 2117; baseline -0.001 -16"><span class='ocrx_word' id='word_1_166' title='bbox 80 2053 145 2113; x_wconf 89' lang='lat' dir='ltr'>Item,</span> <span class='ocrx_word' id='word_1_167' title='bbox 167 2053 244 2116; x_wconf 87' lang='lat' dir='ltr'>Quod</span> <span class='ocrx_word' id='word_1_168' title='bbox 263 2053 360 2112; x_wconf 87' lang='lat' dir='ltr'>Orati0,</span> <span class='ocrx_word' id='word_1_169' title='bbox 381 2053 505 2117; x_wconf 88' lang='lat' dir='ltr'>Epistola,</span> <span class='ocrx_word' id='word_1_170' title='bbox 526 2061 550 2101; x_wconf 89' lang='lat' dir='ltr'>et</span> <span class='ocrx_word' id='word_1_171' title='bbox 569 2053 734 2115; x_wconf 86' lang='lat' dir='ltr'>Evangelium</span> <span class='ocrx_word' id='word_1_172' title='bbox 758 2053 790 2100; x_wconf 90' lang='lat' dir='ltr'>de</span> <span class='ocrx_word' id='word_1_173' title='bbox 808 2052 943 2100; x_wconf 88' lang='lat' dir='ltr'>Dominica</span> 
     </span>
     <span class='ocr_line' id='line_1_24' title="bbox 55 2118 941 2183; baseline 0.001 -19"><span class='ocrx_word' id='word_1_174' title='bbox 55 2131 88 2176; x_wconf 90' lang='lat' dir='ltr'>per</span> <span class='ocrx_word' id='word_1_175' title='bbox 97 2128 172 2168; x_wconf 90' lang='lat' dir='ltr'>totam</span> <span class='ocrx_word' id='word_1_176' title='bbox 186 2119 384 2167; x_wconf 89' lang='lat' dir='ltr'>Hebdomadam</span> <span class='ocrx_word' id='word_1_177' title='bbox 396 2119 532 2183; x_wconf 89' lang='lat' dir='ltr'>repetenda</span> <span class='ocrx_word' id='word_1_178' title='bbox 544 2126 609 2178; x_wconf 89' lang='lat' dir='ltr'>sunt,</span> <span class='ocrx_word' id='word_1_179' title='bbox 621 2119 669 2167; x_wconf 90' lang='lat' dir='ltr'>nisi</span> <span class='ocrx_word' id='word_1_180' title='bbox 681 2119 753 2166; x_wconf 83' lang='lat' dir='ltr'>aliter</span> <span class='ocrx_word' id='word_1_181' title='bbox 764 2119 790 2166; x_wconf 93' lang='lat' dir='ltr'>in</span> <span class='ocrx_word' id='word_1_182' title='bbox 801 2118 850 2166; x_wconf 89' lang='lat' dir='ltr'>hoc</span> <span class='ocrx_word' id='word_1_183' title='bbox 862 2118 941 2165; x_wconf 91' lang='lat' dir='ltr'>Libro</span> 
     </span>
     <span class='ocr_line' id='line_1_25' title="bbox 55 2184 272 2233; baseline 0.018 -5"><span class='ocrx_word' id='word_1_184' title='bbox 55 2184 179 2233; x_wconf 87' lang='lat' dir='ltr'>ordinatum</span> <span class='ocrx_word' id='word_1_185' title='bbox 192 2184 272 2233; x_wconf 86' lang='lat' dir='ltr'>fuerit.</span> 
     </span>
    </p>
   </div>
   <div class='ocr_carea' id='block_1_4' title="bbox 0 0 1062 3532">
    <p class='ocr_par' dir='ltr' id='par_1_8' title="bbox 0 0 1062 3532">
     <span class='ocr_line' id='line_1_26' title="bbox 0 0 1062 3532; baseline 0 3"><span class='ocrx_word' id='word_1_186' title='bbox 0 0 1062 3532; x_wconf 95' lang='lat' dir='ltr'> </span> 
     </span>
    </p>
   </div>
  </div>
 </body>
</html>
