2116 3532
243 106 374 164 beminis
385 108 536 164 buencum
547 114 605 176 anst
618 109 776 166 Crinitum.

56 253 156 300 orabat:
177 253 255 310 Deus,
269 252 359 316 gratias
376 269 423 316 ago
438 254 483 302 tibi
516 255 606 303 coelum
618 256 716 305 levare:
736 259 778 306 sed
791 261 941 322 percutiebat

57 317 112 380 qnia
136 318 193 365 'non
219 333 275 365 surn
307 319 369 366 sicut
403 319 483 366 caeteri
516 328 601 382 pectus
628 337 707 381 suurn,
736 324 838 373 dicens:
864 326 941 384 Deus,

58 381 202 429 hominum:
240 388 358 444 raptores,
388 383 479 445 injusti,
534 385 638 448 ropitius
658 395 710 434 esto
728 388 789 435 mihi
810 392 939 452 peccatori.

57 446 177 494 adulteri:
194 445 261 494 velut
270 446 345 494 etiam
361 446 402 495 hic
421 448 482 510 pub·
544 448 582 496 ico
594 450 672 510 uobis,
686 452 812 501 descendit
824 453 864 501 hic
873 455 942 516 justi-

58 509 155 558 limnas
186 510 278 573 Jejuno
286 511 325 558 bis
334 511 359 558 in
368 512 483 560 sabbato:
517 512 603 561 ficatus
614 514 639 561 in
651 515 753 563 domurn
765 533 834 565 suam
846 520 877 566 ab
889 520 943 567 illo:

58 574 163 623 decimas
174 575 208 622 do
226 575 337 622 omniurn
354 590 410 638 quae
426 592 482 639 pos·
516 577 575 639 quia
604 579 685 626 omnis
712 580 755 643 qui
783 597 809 629 se
842 584 941 641 exaltat,

58 638 129 687 sideo.
167 639 202 686 Et
221 639 393 701 publicanusa
410 641 483 702 longe
516 641 701 691 humiliabitur:
719 652 743 692 et
763 646 805 709 qui
821 662 848 695 se
864 648 943 696 hurni-

58 710 128 762 stans,
150 703 254 752 nolebat
277 719 322 752 nec
347 705 431 753 oculos
451 706 483 752 ad
516 705 567 765 liat,
582 708 735 757 exaltabitur.

225 825 357 880 bantinus
372 826 522 883 bunarium
539 832 596 894 rust
613 830 770 887 brinltutnn.

219 922 322 978 &tatia
518 941 619 981 cuatur:
647 936 774 998 quomodo
796 952 846 984 non
866 937 944 999 magis

123 1017 340 1066 MNIPOTENS
357 1019 483 1081 sempiter,
516 998 664 1046 ministratio
700 1001 806 1063 Spiritus
838 1002 882 1049 erit
918 1003 944 1048 in

61 1016 484 1145 OneDequuiprompfiores
516 1062 626 1140 gloriati.
658 1064 726 1138 llam
754 1065 774 1142 si
797 1066 944 1113 ministratio

10 1144 13 1149 ·
58 1160 150 1208 semper
167 1147 193 1193 in
210 1146 422 1210 audiendoquam
439 1163 484 1195 nos
516 1127 683 1201 damnationis
699 1129 779 1191 gloria
791 1140 841 1205 eit?
865 1131 944 1204 multo

10 1210 13 1249 i
58 1209 81 1256 in
96 1210 200 1267 orando,
224 1218 248 1258 et
266 1211 417 1258 abundantia
433 1213 485 1274 pie·
516 1206 595 1266 magi?
627 1194 743 1267 ,abundii
781 1202 944 1243 munsterum

10 1294 12 1299 ·
57 1274 110 1322 tatis
127 1284 179 1323 tuae
199 1281 225 1322 et
243 1275 331 1322 merita
345 1276 485 1338 supplicum
514 1263 652 1316 Justmaem
662 1258 748 1320 gl⁰s¹²³r

57 1339 151 1386 excedis
163 1346 188 1387 et
199 1347 259 1387 vota
269 1357 276 1397 3
293 1340 400 1388 Effuude
411 1357 485 1404 super

58 1417 99 1451 nos
120 1404 317 1452 misericordiam
345 1411 431 1464 tuam;
458 1413 486 1453 ut
646 1400 822 1469 Euangeliou.

56 1467 165 1516 dimittas
185 1483 242 1532 quae
265 1469 413 1516 conscientia
434 1486 485 1518 me-

56 1532 107 1591 tuit,
133 1539 160 1580 et
182 1532 284 1594 adjicias
312 1534 379 1596 quod
407 1535 487 1582 oratio

56 1612 104 1644 non
123 1598 252 1660 praesumit
272 1597 318 1645 nisi
337 1613 381 1661 per
399 1599 487 1646 merita
560 1595 647 1645 ESUS
678 1598 761 1645 exiens
789 1598 821 1645 de
855 1597 945 1644 finibus

56 1661 203 1709 Mediatoris
223 1663 300 1709 nostri
314 1663 375 1725 Jesu
393 1663 486 1711 Christi
590 1661 658 1723 Tyri,
679 1663 744 1709 venit
762 1678 808 1724 per
826 1662 945 1710 Sidonem

56 1725 112 1774 Filii
123 1726 162 1774 tui
174 1726 279 1774 Domini
290 1727 373 1775 nostri.
394 1730 482 1775 Amen.
552 1725 584 1772 ad
592 1725 775 1774 mareGalilaeae
783 1727 945 1774 intermedios

517 1788 744 1852 finesDecapoleos.
777 1792 810 1838 Et
820 1791 946 1839 adducunt

213 1851 340 1920 Epistula,
517 1853 539 1901 ei
551 1855 652 1901 surdum
664 1862 688 1902 et
700 1864 803 1913 mutum,
818 1863 841 1903 et
859 1856 944 1930 depre3

157 1955 228 2002 2Ad
241 1955 297 2004 θον·
314 1956 346 2004 n.
362 1971 384 2016 ψ
517 1918 637 2030 ffiillssl‘
651 1920 945 2047 {latinitati

114 2044 280 2093 IDUCIAM
309 2046 384 2094 talem
410 2047 486 2095 habe·
517 2047 548 2094 de
561 2047 633 2095 turba
644 2064 760 2107 seorsum,
772 2049 838 2096 misit
855 2049 945 2110 digitos

147 2125 205 2157 mus
231 2125 275 2172 per
302 2111 428 2158 Christum
454 2111 486 2158 ad
518 2127 575 2159 suos
595 2112 621 2158 in
639 2113 759 2160 auriculas
780 2113 849 2174 ejus:
870 2121 945 2160 etex-

56 2174 157 2222 Deum:
180 2190 232 2222 non
252 2176 318 2238 quod
340 2175 487 2224 sufficientes
518 2192 616 2238 spuens,
643 2177 723 2239 tetigit
747 2178 857 2239 linguam
883 2178 942 2238 ejus,

56 2239 131 2286 simus
150 2239 260 2301 cogitare
270 2240 364 2304 aliquid
377 2257 392 2288 a
404 2242 483 2300 nobis,
518 2250 542 2288 et
562 2241 696 2303 suspiciens
715 2242 740 2288 in
758 2242 856 2298 coelum,
879 2241 946 2302 inge·

56 2303 126 2366 quasi
154 2319 184 2350 ex
212 2303 300 2351 nobis:
329 2305 372 2352 sed
398 2305 486 2352 suffici-
518 2306 587 2362 muit‚
611 2313 636 2353 et
654 2309 688 2353 ait
706 2306 759 2353 illi:
784 2306 943 2368 Ephphetba‚

56 2368 122 2415 entia
142 2375 228 2414 nostra
245 2383 274 2415 ex
295 2368 351 2416 Deo
368 2377 421 2418 est:
444 2369 487 2433 qui
519 2370 585 2432 quod
598 2379 633 2417 est
645 2370 779 2432 adaperire.
818 2371 850 2417 Et
862 2371 945 2416 statim

57 2440 80 2479 et
107 2432 214 2480 idoneos
241 2447 287 2480 nos
318 2433 374 2481 secit
402 2434 486 2481 minis·
519 2441 610 2496 apertae
627 2441 683 2481 sunt
703 2450 773 2481 aures
791 2434 849 2496 ejus,
865 2442 888 2481 et
908 2451 946 2482 so·

56 2505 106 2544 tros
125 2497 187 2544 novi
208 2498 356 2555 testamenti,
377 2513 428 2545 non
448 2499 486 2546 lit·
518 2498 597 2545 lutum
626 2506 662 2546 est
694 2499 821 2545 vinculum
857 2499 947 2560 linguae

56 2568 114 2620 tera,
138 2561 184 2608 sed
202 2561 307 2623 spiritu:
324 2561 406 2609 littera
421 2563 487 2610 enim
519 2561 578 2623 ejus,
598 2569 621 2609 et
640 2562 787 2624 loquebatur
803 2571 875 2611 recte.
915 2564 947 2610 Et

56 2625 154 2683 occidit,
186 2625 285 2687 spiritus
317 2633 400 2673 autern
427 2627 487 2674 vivi-
519 2629 635 2689 praecepit
655 2627 751 2674 illisne
771 2628 810 2675 cui
828 2628 943 2675 (licerent.

57 2688 120 2737 licat.
176 2688 253 2750 Quod
286 2690 306 2737 si
339 2691 487 2738 ministratio
520 2691 620 2752 Quanto
632 2700 715 2738 autem
728 2691 762 2739 eis
778 2693 944 2754 praecipiebat,

57 2754 150 2812 mortis,
183 2753 270 2801 litteris
297 2754 434 2802 deformata
461 2755 487 2802 in
519 2763 588 2803 tanto
600 2756 678 2818 magis
690 2756 746 2814 plus
759 2757 947 2818 praedicabant:

57 2817 191 2880 lapidibus,
216 2817 261 2865 fuit
283 2818 310 2865 in
331 2819 428 2881 gloria3
454 2820 488 2866 ita
520 2827 544 2867 et
567 2835 597 2867 eo
619 2820 725 2882 amplius
752 2821 944 2880 admirabantur,

57 2889 83 2930 ut
102 2897 155 2929 non
176 2888 277 2944 possent
296 2883 424 2931 intendere
444 2883 488 2931 filii
519 2884 639 2932 dicentes:
657 2885 725 2931 Bene
737 2886 820 2932 omnia
832 2886 906 2933 iecit:
925 2897 947 2933 et

57 2945 135 2994 lsra'e'l
144 2946 170 2992 in
182 2945 271 2994 faciem
283 2947 373 3009 Moysi,
387 2956 488 3011 propter
520 2948 606 2997 surdos
624 2949 683 2998 lecit
703 2949 798 3012 audire,
823 2959 849 3000 et
869 2959 955 2998 mutus

56 3011 162 3127 glorilaorp
183 3011 261 3056 vultus
276 3011 333 3072 ejus,
355 3027 410 3075 quae
427 3029 484 3062 eva·
517 3014 596 3081 loqui.

616 1504 641 1552 S.
658 1504 737 1553 Marci
749 1505 789 1552 vii.
806 1518 843 1566 31.
