<?xml version="1.0" encoding="UTF-8"?>
<!DOCTYPE html PUBLIC "-//W3C//DTD XHTML 1.0 Transitional//EN"
    "http://www.w3.org/TR/xhtml1/DTD/xhtml1-transitional.dtd">
<html xmlns="http://www.w3.org/1999/xhtml" xml:lang="en" lang="en">
 <head>
  <title>
</title>
<meta http-equiv="Content-Type" content="text/html;charset=utf-8" />
  <meta name='ocr-system' content='tesseract 3.04.00' />
  <meta name='ocr-capabilities' content='ocr_page ocr_carea ocr_par ocr_line ocrx_word'/>
</head>
<body>
  <div class='ocr_page' id='page_1' title='image "./liberprecumpubl00englgoog_0292.png"; bbox 0 0 2116 3532; ppageno 0'>
   <div class='ocr_carea' id='block_1_1' title="bbox 10 258 958 341">
    <p class='ocr_par' dir='ltr' id='par_1_1' title="bbox 10 258 958 341">
     <span class='ocr_line' id='line_1_1' title="bbox 10 258 958 341; baseline -0.001 -23"><span class='ocrx_word' id='word_1_1' title='bbox 10 258 28 304; x_wconf 63' lang='lat'><strong>,21-</strong></span> <span class='ocrx_word' id='word_1_2' title='bbox 81 269 130 326; x_wconf 78' lang='lat' dir='ltr'><strong>Dies</strong></span> <span class='ocrx_word' id='word_1_3' title='bbox 142 278 198 327; x_wconf 86' lang='lat' dir='ltr'><em>VII.</em></span> <span class='ocrx_word' id='word_1_4' title='bbox 459 270 570 341; x_wconf 56' lang='lat' dir='ltr'><strong>baulai.</strong></span> <span class='ocrx_word' id='word_1_5' title='bbox 836 270 881 320; x_wconf 85' lang='lat' dir='ltr'><strong>Ad</strong></span> <span class='ocrx_word' id='word_1_6' title='bbox 895 271 958 334; x_wconf 67' lang='lat' dir='ltr'><strong>llup.</strong></span> 
     </span>
    </p>
   </div>
   <div class='ocr_carea' id='block_1_2' title="bbox 10 408 961 793">
    <p class='ocr_par' dir='ltr' id='par_1_2' title="bbox 10 408 960 545">
     <span class='ocr_line' id='line_1_2' title="bbox 10 408 960 479; baseline -0.007 -14"><span class='ocrx_word' id='word_1_7' title='bbox 10 418 27 448; x_wconf 74' lang='lat'><strong>³³</strong></span> <span class='ocrx_word' id='word_1_8' title='bbox 76 408 149 464; x_wconf 84' lang='lat' dir='ltr'><strong>dicant</strong></span> <span class='ocrx_word' id='word_1_9' title='bbox 181 431 287 479; x_wconf 88' lang='lat' dir='ltr'><strong>semper,</strong></span> <span class='ocrx_word' id='word_1_10' title='bbox 321 413 498 477; x_wconf 86' lang='lat' dir='ltr'><strong>Magnificetur</strong></span> <span class='ocrx_word' id='word_1_11' title='bbox 528 412 577 460; x_wconf 86' lang='lat' dir='ltr'><strong>biae</strong></span> <span class='ocrx_word' id='word_1_12' title='bbox 598 420 646 460; x_wconf 86' lang='lat' dir='ltr'><strong>:et</strong></span> <span class='ocrx_word' id='word_1_13' title='bbox 657 426 745 459; x_wconf 86' lang='lat' dir='ltr'><strong>manus</strong></span> <span class='ocrx_word' id='word_1_14' title='bbox 760 411 898 474; x_wconf 85' lang='lat' dir='ltr'><strong>peccatoris</strong></span> <span class='ocrx_word' id='word_1_15' title='bbox 910 427 960 459; x_wconf 89' lang='lat' dir='ltr'><strong>non</strong></span> 
     </span>
     <span class='ocr_line' id='line_1_3' title="bbox 10 471 687 545; baseline -0.009 -15"><span class='ocrx_word' id='word_1_16' title='bbox 10 486 22 515; x_wconf 68' lang='lat'><strong>‘&#39;-</strong></span> <span class='ocrx_word' id='word_1_17' title='bbox 73 471 196 541; x_wconf 85' lang='lat' dir='ltr'><strong>Dominus,</strong></span> <span class='ocrx_word' id='word_1_18' title='bbox 223 480 267 545; x_wconf 93' lang='lat' dir='ltr'><strong>qui</strong></span> <span class='ocrx_word' id='word_1_19' title='bbox 294 480 381 528; x_wconf 92' lang='lat' dir='ltr'><strong>volunt</strong></span> <span class='ocrx_word' id='word_1_20' title='bbox 408 494 497 543; x_wconf 89' lang='lat' dir='ltr'>pacem</span> <span class='ocrx_word' id='word_1_21' title='bbox 528 485 628 526; x_wconf 86' lang='lat' dir='ltr'><strong>moveat</strong></span> <span class='ocrx_word' id='word_1_22' title='bbox 639 493 687 525; x_wconf 91' lang='lat' dir='ltr'><strong>me.</strong></span> 
     </span>
    </p>

    <p class='ocr_par' dir='ltr' id='par_1_3' title="bbox 10 542 961 788">
     <span class='ocr_line' id='line_1_4' title="bbox 10 542 961 610; baseline -0.004 -18"><span class='ocrx_word' id='word_1_23' title='bbox 10 604 13 609; x_wconf 23' lang='grc' dir='ltr'>Ι</span> <span class='ocrx_word' id='word_1_24' title='bbox 71 547 127 595; x_wconf 81' lang='lat' dir='ltr'><strong>servi</strong></span> <span class='ocrx_word' id='word_1_25' title='bbox 139 547 199 610; x_wconf 80' lang='lat' dir='ltr'><strong>ejus,</strong></span> <span class='ocrx_word' id='word_1_26' title='bbox 563 543 755 591; x_wconf 86' lang='lat' dir='ltr'><strong>Ibiceciderunt</strong></span> <span class='ocrx_word' id='word_1_27' title='bbox 768 542 810 605; x_wconf 90' lang='lat' dir='ltr'><strong>qni</strong></span> <span class='ocrx_word' id='word_1_28' title='bbox 827 549 961 605; x_wconf 80' lang='lat' dir='ltr'>operantur</span> 
     </span>
     <span class='ocr_line' id='line_1_5' title="bbox 70 607 961 680; baseline -0.006 -19"><span class='ocrx_word' id='word_1_29' title='bbox 70 669 75 680; x_wconf 90' lang='lat'>.</span> <span class='ocrx_word' id='word_1_30' title='bbox 98 613 130 661; x_wconf 91' lang='lat' dir='ltr'><strong>Et</strong></span> <span class='ocrx_word' id='word_1_31' title='bbox 153 613 239 675; x_wconf 80' lang='lat' dir='ltr'><strong>lingua</strong></span> <span class='ocrx_word' id='word_1_32' title='bbox 261 627 318 659; x_wconf 90' lang='lat' dir='ltr'><strong>mea</strong></span> <span class='ocrx_word' id='word_1_33' title='bbox 338 609 499 659; x_wconf 82' lang='lat' dir='ltr'><strong>meditabitur</strong></span> <span class='ocrx_word' id='word_1_34' title='bbox 528 609 686 672; x_wconf 86' lang='lat' dir='ltr'><strong>iniquitatem</strong></span> <span class='ocrx_word' id='word_1_35' title='bbox 705 624 710 656; x_wconf 95' lang='lat'><strong>:</strong></span> <span class='ocrx_word' id='word_1_36' title='bbox 729 607 825 671; x_wconf 85' lang='lat' dir='ltr'><strong>expulsi</strong></span> <span class='ocrx_word' id='word_1_37' title='bbox 836 615 901 666; x_wconf 85' lang='lat' dir='ltr'><strong>sunt,</strong></span> <span class='ocrx_word' id='word_1_38' title='bbox 916 623 961 656; x_wconf 89' lang='lat' dir='ltr'><strong>nec</strong></span> 
     </span>
     <span class='ocr_line' id='line_1_6' title="bbox 65 674 745 788; baseline -0.006 -62"><span class='ocrx_word' id='word_1_39' title='bbox 65 678 184 788; x_wconf 57' lang='lat' dir='ltr'><strong>{iustitiam</strong></span> <span class='ocrx_word' id='word_1_40' title='bbox 202 685 272 725; x_wconf 90' lang='lat' dir='ltr'><strong>tuam</strong></span> <span class='ocrx_word' id='word_1_41' title='bbox 290 693 296 724; x_wconf 77' lang='grc' dir='ltr'><strong>ε</strong></span> <span class='ocrx_word' id='word_1_42' title='bbox 314 683 367 725; x_wconf 87' lang='lat' dir='ltr'><strong>tota</strong></span> <span class='ocrx_word' id='word_1_43' title='bbox 384 675 426 724; x_wconf 93' lang='lat' dir='ltr'><strong>die</strong></span> <span class='ocrx_word' id='word_1_44' title='bbox 445 674 497 723; x_wconf 87' lang='lat' dir='ltr'><strong>lau·</strong></span> <span class='ocrx_word' id='word_1_45' title='bbox 528 681 663 738; x_wconf 90' lang='lat' dir='ltr'><strong>potuerunt</strong></span> <span class='ocrx_word' id='word_1_46' title='bbox 674 680 745 722; x_wconf 81' lang='lat' dir='ltr'><strong>stara</strong></span> 
     </span>
    </p>

    <p class='ocr_par' dir='ltr' id='par_1_4' title="bbox 83 751 212 793">
     <span class='ocr_line' id='line_1_7' title="bbox 83 751 212 793; baseline -0.016 0"><span class='ocrx_word' id='word_1_47' title='bbox 83 759 122 793; x_wconf 86' lang='lat' dir='ltr'><strong>em</strong></span> <span class='ocrx_word' id='word_1_48' title='bbox 134 751 212 792; x_wconf 83' lang='lat' dir='ltr'><strong>tuam.</strong></span> 
     </span>
    </p>
   </div>
   <div class='ocr_carea' id='block_1_3' title="bbox 146 895 419 946">
    <p class='ocr_par' dir='ltr' id='par_1_5' title="bbox 146 895 419 946">
     <span class='ocr_line' id='line_1_8' title="bbox 146 895 419 946; baseline -0.007 0"><span class='ocrx_word' id='word_1_49' title='bbox 146 899 280 946; x_wconf 73' lang='lat' dir='ltr'><strong>Psnrmus</strong></span> <span class='ocrx_word' id='word_1_50' title='bbox 297 895 419 945; x_wconf 85' lang='lat' dir='ltr'>XXXVI.</span> 
     </span>
    </p>
   </div>
   <div class='ocr_carea' id='block_1_4' title="bbox 61 998 989 3291">
    <p class='ocr_par' dir='ltr' id='par_1_6' title="bbox 61 998 887 1193">
     <span class='ocr_line' id='line_1_9' title="bbox 134 998 500 1064; baseline -0.008 -15"><span class='ocrx_word' id='word_1_51' title='bbox 134 1000 214 1049; x_wconf 86' lang='lat' dir='ltr'>IXIT</span> <span class='ocrx_word' id='word_1_52' title='bbox 222 999 328 1064; x_wconf 85' lang='lat' dir='ltr'><strong>injustus</strong></span> <span class='ocrx_word' id='word_1_53' title='bbox 337 1005 364 1047; x_wconf 87' lang='lat' dir='ltr'><strong>ut</strong></span> <span class='ocrx_word' id='word_1_54' title='bbox 371 998 500 1063; x_wconf 83' lang='lat' dir='ltr'><strong>delinquat</strong></span> 
     </span>
     <span class='ocr_line' id='line_1_10' title="bbox 167 1064 887 1128; baseline -0.001 -14"><span class='ocrx_word' id='word_1_55' title='bbox 167 1066 195 1114; x_wconf 90' lang='lat' dir='ltr'><strong>in</strong></span> <span class='ocrx_word' id='word_1_56' title='bbox 211 1065 347 1128; x_wconf 90' lang='lat' dir='ltr'><strong>semetipso</strong></span> <span class='ocrx_word' id='word_1_57' title='bbox 368 1082 374 1113; x_wconf 70' lang='grc' dir='ltr'><em>ι</em></span> <span class='ocrx_word' id='word_1_58' title='bbox 394 1072 500 1112; x_wconf 90' lang='lat' dir='ltr'><strong>nonest</strong></span> <span class='ocrx_word' id='word_1_59' title='bbox 602 1065 732 1113; x_wconf 77' lang='lat' dir='ltr'><strong>PSALMUS</strong></span> <span class='ocrx_word' id='word_1_60' title='bbox 750 1064 887 1114; x_wconf 82' lang='lat' dir='ltr'>XXXVII.</span> 
     </span>
     <span class='ocr_line' id='line_1_11' title="bbox 61 1129 442 1193; baseline -0.01 -12"><span class='ocrx_word' id='word_1_61' title='bbox 61 1133 141 1181; x_wconf 82' lang='lat' dir='ltr'><strong>timor</strong></span> <span class='ocrx_word' id='word_1_62' title='bbox 152 1132 202 1180; x_wconf 90' lang='lat' dir='ltr'><strong>Dei</strong></span> <span class='ocrx_word' id='word_1_63' title='bbox 214 1139 273 1179; x_wconf 89' lang='lat' dir='ltr'><strong>ante</strong></span> <span class='ocrx_word' id='word_1_64' title='bbox 285 1129 371 1178; x_wconf 91' lang='lat' dir='ltr'><strong>oculos</strong></span> <span class='ocrx_word' id='word_1_65' title='bbox 382 1129 442 1193; x_wconf 89' lang='lat' dir='ltr'><strong>ejus.</strong></span> 
     </span>
    </p>

    <p class='ocr_par' dir='ltr' id='par_1_7' title="bbox 61 1195 964 1394">
     <span class='ocr_line' id='line_1_12' title="bbox 96 1195 963 1260; baseline -0.002 -15"><span class='ocrx_word' id='word_1_66' title='bbox 96 1197 229 1260; x_wconf 84' lang='lat' dir='ltr'><strong>Quoniam</strong></span> <span class='ocrx_word' id='word_1_67' title='bbox 240 1195 328 1244; x_wconf 90' lang='lat' dir='ltr'><strong>dolose</strong></span> <span class='ocrx_word' id='word_1_68' title='bbox 340 1195 389 1258; x_wconf 81' lang='lat' dir='ltr'><strong>egit</strong></span> <span class='ocrx_word' id='word_1_69' title='bbox 404 1195 430 1243; x_wconf 93' lang='lat' dir='ltr'><strong>in</strong></span> <span class='ocrx_word' id='word_1_70' title='bbox 442 1210 500 1243; x_wconf 91' lang='lat' dir='ltr'><strong>con·</strong></span> <span class='ocrx_word' id='word_1_71' title='bbox 607 1195 668 1244; x_wconf 94' lang='lat' dir='ltr'><strong>OLI</strong></span> <span class='ocrx_word' id='word_1_72' title='bbox 677 1195 788 1244; x_wconf 80' lang='lat' dir='ltr'><strong>aemulari</strong></span> <span class='ocrx_word' id='word_1_73' title='bbox 796 1197 820 1244; x_wconf 93' lang='lat' dir='ltr'><strong>in</strong></span> <span class='ocrx_word' id='word_1_74' title='bbox 827 1196 963 1258; x_wconf 84' lang='lat' dir='ltr'><strong>malignan-</strong></span> 
     </span>
     <span class='ocr_line' id='line_1_13' title="bbox 61 1260 964 1328; baseline -0.003 -17"><span class='ocrx_word' id='word_1_75' title='bbox 61 1271 152 1328; x_wconf 83' lang='lat' dir='ltr'><strong>spectu</strong></span> <span class='ocrx_word' id='word_1_76' title='bbox 164 1262 218 1326; x_wconf 85' lang='lat' dir='ltr'><strong>ejus</strong></span> <span class='ocrx_word' id='word_1_77' title='bbox 239 1278 244 1310; x_wconf 97' lang='lat'><strong>:</strong></span> <span class='ocrx_word' id='word_1_78' title='bbox 263 1268 290 1309; x_wconf 91' lang='lat' dir='ltr'><strong>ut</strong></span> <span class='ocrx_word' id='word_1_79' title='bbox 304 1261 444 1309; x_wconf 86' lang='lat' dir='ltr'><strong>inveniatur</strong></span> <span class='ocrx_word' id='word_1_80' title='bbox 455 1260 500 1308; x_wconf 88' lang='lat' dir='ltr'><strong>ini·</strong></span> <span class='ocrx_word' id='word_1_81' title='bbox 640 1261 706 1309; x_wconf 89' lang='lat' dir='ltr'><strong>tibus</strong></span> <span class='ocrx_word' id='word_1_82' title='bbox 727 1279 733 1309; x_wconf 90' lang='lat'><strong>:</strong></span> <span class='ocrx_word' id='word_1_83' title='bbox 751 1277 833 1324; x_wconf 90' lang='lat' dir='ltr'><strong>neque</strong></span> <span class='ocrx_word' id='word_1_84' title='bbox 848 1262 964 1310; x_wconf 81' lang='lat' dir='ltr'><strong>zelaveris</strong></span> 
     </span>
     <span class='ocr_line' id='line_1_14' title="bbox 63 1326 825 1394; baseline -0.004 -17"><span class='ocrx_word' id='word_1_85' title='bbox 63 1329 148 1394; x_wconf 84' lang='lat' dir='ltr'><strong>quitas</strong></span> <span class='ocrx_word' id='word_1_86' title='bbox 160 1327 213 1390; x_wconf 91' lang='lat' dir='ltr'><strong>ejus</strong></span> <span class='ocrx_word' id='word_1_87' title='bbox 225 1326 258 1374; x_wconf 92' lang='lat' dir='ltr'><strong>ad</strong></span> <span class='ocrx_word' id='word_1_88' title='bbox 273 1326 365 1374; x_wconf 88' lang='lat' dir='ltr'><strong>odium.</strong></span> <span class='ocrx_word' id='word_1_89' title='bbox 532 1326 650 1375; x_wconf 82' lang='lat' dir='ltr'><strong>facientes</strong></span> <span class='ocrx_word' id='word_1_90' title='bbox 662 1326 825 1390; x_wconf 89' lang='lat' dir='ltr'><strong>iniquitatem.</strong></span> 
     </span>
    </p>

    <p class='ocr_par' dir='ltr' id='par_1_8' title="bbox 65 1391 965 1587">
     <span class='ocr_line' id='line_1_15' title="bbox 98 1391 964 1455; baseline -0.003 -14"><span class='ocrx_word' id='word_1_91' title='bbox 98 1392 185 1442; x_wconf 86' lang='lat' dir='ltr'><strong>Verba</strong></span> <span class='ocrx_word' id='word_1_92' title='bbox 202 1393 252 1440; x_wconf 88' lang='lat' dir='ltr'><strong>oris</strong></span> <span class='ocrx_word' id='word_1_93' title='bbox 270 1391 323 1455; x_wconf 87' lang='lat' dir='ltr'><strong>ejus</strong></span> <span class='ocrx_word' id='word_1_94' title='bbox 341 1391 459 1454; x_wconf 88' lang='lat' dir='ltr'><strong>iniquitas</strong></span> <span class='ocrx_word' id='word_1_95' title='bbox 477 1398 501 1438; x_wconf 90' lang='lat' dir='ltr'><strong>et</strong></span> <span class='ocrx_word' id='word_1_96' title='bbox 567 1391 693 1454; x_wconf 83' lang='lat' dir='ltr'><strong>Quoniam</strong></span> <span class='ocrx_word' id='word_1_97' title='bbox 721 1399 840 1455; x_wconf 88' lang='lat' dir='ltr'><strong>tanquam</strong></span> <span class='ocrx_word' id='word_1_98' title='bbox 870 1392 964 1439; x_wconf 86' lang='lat' dir='ltr'><strong>foenum</strong></span> 
     </span>
     <span class='ocr_line' id='line_1_16' title="bbox 65 1456 964 1520; baseline -0.004 -13"><span class='ocrx_word' id='word_1_99' title='bbox 65 1458 140 1508; x_wconf 86' lang='lat' dir='ltr'><strong>dolus</strong></span> <span class='ocrx_word' id='word_1_100' title='bbox 166 1476 173 1506; x_wconf 77' lang='lat' dir='ltr'><strong>r</strong></span> <span class='ocrx_word' id='word_1_101' title='bbox 199 1457 281 1506; x_wconf 87' lang='lat' dir='ltr'><strong>noluit</strong></span> <span class='ocrx_word' id='word_1_102' title='bbox 309 1456 446 1520; x_wconf 86' lang='lat' dir='ltr'><strong>intelligere</strong></span> <span class='ocrx_word' id='word_1_103' title='bbox 473 1463 501 1504; x_wconf 92' lang='lat' dir='ltr'><strong>ut</strong></span> <span class='ocrx_word' id='word_1_104' title='bbox 533 1457 651 1506; x_wconf 89' lang='lat' dir='ltr'><strong>velociter</strong></span> <span class='ocrx_word' id='word_1_105' title='bbox 661 1465 772 1505; x_wconf 87' lang='lat' dir='ltr'><strong>arescent</strong></span> <span class='ocrx_word' id='word_1_106' title='bbox 792 1457 964 1520; x_wconf 84' lang='lat' dir='ltr'><strong>:etquemad-</strong></span> 
     </span>
     <span class='ocr_line' id='line_1_17' title="bbox 65 1522 965 1587; baseline -0.003 -14"><span class='ocrx_word' id='word_1_107' title='bbox 65 1525 132 1573; x_wconf 84' lang='lat' dir='ltr'><strong>bene</strong></span> <span class='ocrx_word' id='word_1_108' title='bbox 142 1530 235 1587; x_wconf 85' lang='lat' dir='ltr'><strong>ageret.</strong></span> <span class='ocrx_word' id='word_1_109' title='bbox 533 1523 637 1571; x_wconf 91' lang='lat' dir='ltr'><strong>modum</strong></span> <span class='ocrx_word' id='word_1_110' title='bbox 664 1522 732 1571; x_wconf 86' lang='lat' dir='ltr'><strong>olera</strong></span> <span class='ocrx_word' id='word_1_111' title='bbox 757 1522 890 1571; x_wconf 90' lang='lat' dir='ltr'><strong>herbarum</strong></span> <span class='ocrx_word' id='word_1_112' title='bbox 915 1523 965 1570; x_wconf 88' lang='lat' dir='ltr'><strong>cito</strong></span> 
     </span>
    </p>

    <p class='ocr_par' dir='ltr' id='par_1_9' title="bbox 67 1586 965 1847">
     <span class='ocr_line' id='line_1_18' title="bbox 99 1586 656 1653; baseline -0.002 -16"><span class='ocrx_word' id='word_1_113' title='bbox 99 1589 265 1653; x_wconf 88' lang='lat' dir='ltr'><strong>Iniquitatem</strong></span> <span class='ocrx_word' id='word_1_114' title='bbox 276 1587 410 1635; x_wconf 89' lang='lat' dir='ltr'><strong>meditatus</strong></span> <span class='ocrx_word' id='word_1_115' title='bbox 422 1593 459 1635; x_wconf 91' lang='lat' dir='ltr'><strong>est</strong></span> <span class='ocrx_word' id='word_1_116' title='bbox 476 1586 501 1634; x_wconf 92' lang='lat' dir='ltr'><strong>in</strong></span> <span class='ocrx_word' id='word_1_117' title='bbox 533 1588 656 1636; x_wconf 87' lang='lat' dir='ltr'><strong>decident.</strong></span> 
     </span>
     <span class='ocr_line' id='line_1_19' title="bbox 67 1652 965 1716; baseline -0.003 -13"><span class='ocrx_word' id='word_1_118' title='bbox 67 1654 144 1704; x_wconf 90' lang='lat' dir='ltr'><strong>cubili</strong></span> <span class='ocrx_word' id='word_1_119' title='bbox 162 1670 208 1702; x_wconf 92' lang='lat' dir='ltr'><strong>suo</strong></span> <span class='ocrx_word' id='word_1_120' title='bbox 229 1670 234 1702; x_wconf 95' lang='lat'><strong>:</strong></span> <span class='ocrx_word' id='word_1_121' title='bbox 252 1653 348 1701; x_wconf 86' lang='lat' dir='ltr'><strong>adstitit</strong></span> <span class='ocrx_word' id='word_1_122' title='bbox 369 1652 438 1700; x_wconf 90' lang='lat' dir='ltr'><strong>omni</strong></span> <span class='ocrx_word' id='word_1_123' title='bbox 454 1652 501 1699; x_wconf 86' lang='lat' dir='ltr'><strong>viae</strong></span> <span class='ocrx_word' id='word_1_124' title='bbox 568 1654 647 1716; x_wconf 89' lang='lat' dir='ltr'><strong>Spera</strong></span> <span class='ocrx_word' id='word_1_125' title='bbox 659 1654 684 1701; x_wconf 91' lang='lat' dir='ltr'><strong>in</strong></span> <span class='ocrx_word' id='word_1_126' title='bbox 698 1653 818 1710; x_wconf 88' lang='lat' dir='ltr'><strong>Domino,</strong></span> <span class='ocrx_word' id='word_1_127' title='bbox 834 1662 858 1701; x_wconf 94' lang='lat' dir='ltr'><strong>et</strong></span> <span class='ocrx_word' id='word_1_128' title='bbox 871 1652 909 1700; x_wconf 84' lang='lat' dir='ltr'><strong>sac</strong></span> <span class='ocrx_word' id='word_1_129' title='bbox 921 1653 965 1700; x_wconf 93' lang='lat' dir='ltr'><strong>bo·</strong></span> 
     </span>
     <span class='ocr_line' id='line_1_20' title="bbox 68 1717 963 1779; baseline -0.004 -11"><span class='ocrx_word' id='word_1_130' title='bbox 68 1720 214 1779; x_wconf 84' lang='lat' dir='ltr'><strong>nonbonae3</strong></span> <span class='ocrx_word' id='word_1_131' title='bbox 225 1717 348 1766; x_wconf 87' lang='lat' dir='ltr'><strong>malitiam</strong></span> <span class='ocrx_word' id='word_1_132' title='bbox 357 1724 441 1766; x_wconf 87' lang='lat' dir='ltr'><strong>autem</strong></span> <span class='ocrx_word' id='word_1_133' title='bbox 451 1733 502 1765; x_wconf 91' lang='lat' dir='ltr'><strong>non</strong></span> <span class='ocrx_word' id='word_1_134' title='bbox 533 1719 638 1767; x_wconf 91' lang='lat' dir='ltr'><strong>nitatem</strong></span> <span class='ocrx_word' id='word_1_135' title='bbox 662 1737 667 1766; x_wconf 93' lang='lat'><strong>:</strong></span> <span class='ocrx_word' id='word_1_136' title='bbox 689 1726 713 1767; x_wconf 90' lang='lat' dir='ltr'><strong>et</strong></span> <span class='ocrx_word' id='word_1_137' title='bbox 733 1719 845 1766; x_wconf 87' lang='lat' dir='ltr'><strong>inhabita</strong></span> <span class='ocrx_word' id='word_1_138' title='bbox 865 1726 963 1775; x_wconf 89' lang='lat' dir='ltr'><strong>terram,</strong></span> 
     </span>
     <span class='ocr_line' id='line_1_21' title="bbox 69 1783 891 1847; baseline -0.001 -15"><span class='ocrx_word' id='word_1_139' title='bbox 69 1785 171 1834; x_wconf 87' lang='lat' dir='ltr'><strong>audivit.</strong></span> <span class='ocrx_word' id='word_1_140' title='bbox 534 1792 558 1832; x_wconf 88' lang='lat' dir='ltr'><strong>et</strong></span> <span class='ocrx_word' id='word_1_141' title='bbox 570 1784 678 1847; x_wconf 89' lang='lat' dir='ltr'><strong>pasceris</strong></span> <span class='ocrx_word' id='word_1_142' title='bbox 690 1784 715 1832; x_wconf 87' lang='lat' dir='ltr'><strong>in</strong></span> <span class='ocrx_word' id='word_1_143' title='bbox 727 1784 820 1831; x_wconf 84' lang='lat' dir='ltr'><strong>divitiis</strong></span> <span class='ocrx_word' id='word_1_144' title='bbox 832 1783 891 1846; x_wconf 90' lang='lat' dir='ltr'><strong>ejus.</strong></span> 
     </span>
    </p>

    <p class='ocr_par' dir='ltr' id='par_1_10' title="bbox 71 1847 968 2030">
     <span class='ocr_line' id='line_1_22' title="bbox 102 1847 968 1908; baseline -0.003 -10"><span class='ocrx_word' id='word_1_145' title='bbox 102 1849 221 1908; x_wconf 88' lang='lat' dir='ltr'><strong>Domine,</strong></span> <span class='ocrx_word' id='word_1_146' title='bbox 230 1847 503 1897; x_wconf 89' lang='lat' dir='ltr'><strong>incoelomisericordia</strong></span> <span class='ocrx_word' id='word_1_147' title='bbox 568 1849 700 1897; x_wconf 87' lang='lat' dir='ltr'><strong>Delectare</strong></span> <span class='ocrx_word' id='word_1_148' title='bbox 727 1850 753 1896; x_wconf 91' lang='lat' dir='ltr'><strong>in</strong></span> <span class='ocrx_word' id='word_1_149' title='bbox 776 1849 888 1897; x_wconf 90' lang='lat' dir='ltr'><strong>Domino</strong></span> <span class='ocrx_word' id='word_1_150' title='bbox 915 1867 920 1895; x_wconf 73' lang='grc' dir='ltr'><strong><em>ι</em></strong></span> <span class='ocrx_word' id='word_1_151' title='bbox 944 1856 968 1896; x_wconf 88' lang='lat' dir='ltr'><strong>et</strong></span> 
     </span>
     <span class='ocr_line' id='line_1_23' title="bbox 71 1913 968 1978; baseline -0.004 -14"><span class='ocrx_word' id='word_1_152' title='bbox 71 1923 113 1964; x_wconf 88' lang='lat' dir='ltr'><strong>tua</strong></span> <span class='ocrx_word' id='word_1_153' title='bbox 135 1934 141 1965; x_wconf 77' lang='grc' dir='ltr'><strong>ε</strong></span> <span class='ocrx_word' id='word_1_154' title='bbox 162 1922 187 1963; x_wconf 87' lang='lat' dir='ltr'><strong>et</strong></span> <span class='ocrx_word' id='word_1_155' title='bbox 205 1914 296 1963; x_wconf 87' lang='lat' dir='ltr'><strong>veritas</strong></span> <span class='ocrx_word' id='word_1_156' title='bbox 315 1921 358 1962; x_wconf 89' lang='lat' dir='ltr'><strong>tua</strong></span> <span class='ocrx_word' id='word_1_157' title='bbox 374 1913 503 1978; x_wconf 84' lang='lat' dir='ltr'><strong>usquead</strong></span> <span class='ocrx_word' id='word_1_158' title='bbox 534 1914 605 1962; x_wconf 90' lang='lat' dir='ltr'><strong>dabit</strong></span> <span class='ocrx_word' id='word_1_159' title='bbox 638 1914 684 1962; x_wconf 90' lang='lat' dir='ltr'><strong>tibi</strong></span> <span class='ocrx_word' id='word_1_160' title='bbox 718 1914 850 1977; x_wconf 86' lang='lat' dir='ltr'><strong>petitiones</strong></span> <span class='ocrx_word' id='word_1_161' title='bbox 887 1915 968 1961; x_wconf 84' lang='lat' dir='ltr'><strong>cordis</strong></span> 
     </span>
     <span class='ocr_line' id='line_1_24' title="bbox 72 1980 578 2030; baseline -0.002 -2"><span class='ocrx_word' id='word_1_162' title='bbox 72 1981 154 2030; x_wconf 90' lang='lat' dir='ltr'><strong>nubes.</strong></span> <span class='ocrx_word' id='word_1_163' title='bbox 535 1980 578 2028; x_wconf 90' lang='lat' dir='ltr'><strong>tui.</strong></span> 
     </span>
    </p>

    <p class='ocr_par' dir='ltr' id='par_1_11' title="bbox 72 2044 968 2174">
     <span class='ocr_line' id='line_1_25' title="bbox 101 2044 968 2109; baseline -0.002 -16"><span class='ocrx_word' id='word_1_164' title='bbox 101 2044 204 2109; x_wconf 84' lang='lat' dir='ltr'><strong>Justitia</strong></span> <span class='ocrx_word' id='word_1_165' title='bbox 235 2051 279 2093; x_wconf 85' lang='lat' dir='ltr'><strong>tua</strong></span> <span class='ocrx_word' id='word_1_166' title='bbox 310 2044 374 2093; x_wconf 87' lang='lat' dir='ltr'><strong>sicut</strong></span> <span class='ocrx_word' id='word_1_167' title='bbox 405 2051 503 2092; x_wconf 89' lang='lat' dir='ltr'><strong>montes</strong></span> <span class='ocrx_word' id='word_1_168' title='bbox 569 2044 663 2094; x_wconf 91' lang='lat' dir='ltr'><strong>Revela</strong></span> <span class='ocrx_word' id='word_1_169' title='bbox 675 2044 788 2093; x_wconf 90' lang='lat' dir='ltr'><strong>Domino</strong></span> <span class='ocrx_word' id='word_1_170' title='bbox 799 2044 865 2092; x_wconf 93' lang='lat' dir='ltr'><strong>viam</strong></span> <span class='ocrx_word' id='word_1_171' title='bbox 878 2052 968 2091; x_wconf 88' lang='lat' dir='ltr'><strong>tuam:</strong></span> 
     </span>
     <span class='ocr_line' id='line_1_26' title="bbox 72 2109 926 2174; baseline -0.002 -16"><span class='ocrx_word' id='word_1_172' title='bbox 72 2111 120 2160; x_wconf 87' lang='lat' dir='ltr'><strong>Dei</strong></span> <span class='ocrx_word' id='word_1_173' title='bbox 133 2110 245 2174; x_wconf 89' lang='lat' dir='ltr'><strong>:judicia</strong></span> <span class='ocrx_word' id='word_1_174' title='bbox 253 2117 296 2158; x_wconf 90' lang='lat' dir='ltr'><strong>tua</strong></span> <span class='ocrx_word' id='word_1_175' title='bbox 305 2110 406 2172; x_wconf 84' lang='lat' dir='ltr'><strong>abyssus</strong></span> <span class='ocrx_word' id='word_1_176' title='bbox 414 2109 499 2157; x_wconf 92' lang='lat' dir='ltr'><strong>multa.</strong></span> <span class='ocrx_word' id='word_1_177' title='bbox 535 2118 559 2160; x_wconf 90' lang='lat' dir='ltr'><strong>et</strong></span> <span class='ocrx_word' id='word_1_178' title='bbox 572 2126 643 2174; x_wconf 88' lang='lat' dir='ltr'><strong>spera</strong></span> <span class='ocrx_word' id='word_1_179' title='bbox 655 2110 680 2158; x_wconf 90' lang='lat' dir='ltr'><strong>in</strong></span> <span class='ocrx_word' id='word_1_180' title='bbox 693 2126 730 2169; x_wconf 89' lang='lat' dir='ltr'><strong>eo,</strong></span> <span class='ocrx_word' id='word_1_181' title='bbox 746 2118 770 2158; x_wconf 92' lang='lat' dir='ltr'><strong>et</strong></span> <span class='ocrx_word' id='word_1_182' title='bbox 783 2110 835 2172; x_wconf 88' lang='lat' dir='ltr'><strong>ipse</strong></span> <span class='ocrx_word' id='word_1_183' title='bbox 847 2110 926 2157; x_wconf 83' lang='lat' dir='ltr'><strong>saciet.</strong></span> 
     </span>
    </p>

    <p class='ocr_par' dir='ltr' id='par_1_12' title="bbox 73 2174 969 2429">
     <span class='ocr_line' id='line_1_27' title="bbox 104 2174 969 2239; baseline -0.003 -15"><span class='ocrx_word' id='word_1_184' title='bbox 104 2176 231 2224; x_wconf 91' lang='lat' dir='ltr'><strong>Homines</strong></span> <span class='ocrx_word' id='word_1_185' title='bbox 238 2182 263 2222; x_wconf 91' lang='lat' dir='ltr'><strong>et</strong></span> <span class='ocrx_word' id='word_1_186' title='bbox 268 2174 500 2238; x_wconf 84' lang='lat' dir='ltr'><strong>jumentasalvabis‚</strong></span> <span class='ocrx_word' id='word_1_187' title='bbox 569 2177 602 2224; x_wconf 91' lang='lat' dir='ltr'><strong>Et</strong></span> <span class='ocrx_word' id='word_1_188' title='bbox 614 2176 703 2224; x_wconf 88' lang='lat' dir='ltr'><strong>educet</strong></span> <span class='ocrx_word' id='word_1_189' title='bbox 714 2175 785 2239; x_wconf 85' lang='lat' dir='ltr'><strong>quasi</strong></span> <span class='ocrx_word' id='word_1_190' title='bbox 800 2175 884 2222; x_wconf 91' lang='lat' dir='ltr'><strong>lumen</strong></span> <span class='ocrx_word' id='word_1_191' title='bbox 899 2175 969 2237; x_wconf 87' lang='lat' dir='ltr'><strong>justi·</strong></span> 
     </span>
     <span class='ocr_line' id='line_1_28' title="bbox 73 2239 968 2304; baseline -0.002 -16"><span class='ocrx_word' id='word_1_192' title='bbox 73 2241 182 2290; x_wconf 90' lang='lat' dir='ltr'><strong>Domine</strong></span> <span class='ocrx_word' id='word_1_193' title='bbox 198 2240 429 2304; x_wconf 89' lang='lat' dir='ltr'><strong>:quemadmodum</strong></span> <span class='ocrx_word' id='word_1_194' title='bbox 440 2239 503 2287; x_wconf 91' lang='lat' dir='ltr'><strong>mul·</strong></span> <span class='ocrx_word' id='word_1_195' title='bbox 536 2241 596 2289; x_wconf 88' lang='lat' dir='ltr'><strong>tiam</strong></span> <span class='ocrx_word' id='word_1_196' title='bbox 614 2250 690 2299; x_wconf 91' lang='lat' dir='ltr'><strong>tuam,</strong></span> <span class='ocrx_word' id='word_1_197' title='bbox 711 2249 735 2289; x_wconf 90' lang='lat' dir='ltr'><strong>et</strong></span> <span class='ocrx_word' id='word_1_198' title='bbox 756 2240 878 2302; x_wconf 90' lang='lat' dir='ltr'><strong>judicium</strong></span> <span class='ocrx_word' id='word_1_199' title='bbox 899 2249 968 2287; x_wconf 92' lang='lat' dir='ltr'><strong>tuum</strong></span> 
     </span>
     <span class='ocr_line' id='line_1_29' title="bbox 73 2305 969 2370; baseline -0.003 -16"><span class='ocrx_word' id='word_1_200' title='bbox 73 2306 190 2370; x_wconf 87' lang='lat' dir='ltr'><strong>tiplicasti</strong></span> <span class='ocrx_word' id='word_1_201' title='bbox 209 2305 405 2354; x_wconf 86' lang='lat' dir='ltr'><strong>misericordiam</strong></span> <span class='ocrx_word' id='word_1_202' title='bbox 424 2313 501 2363; x_wconf 88' lang='lat' dir='ltr'><strong>tuam,</strong></span> <span class='ocrx_word' id='word_1_203' title='bbox 536 2315 655 2370; x_wconf 89' lang='lat' dir='ltr'><strong>tanquam</strong></span> <span class='ocrx_word' id='word_1_204' title='bbox 679 2307 808 2354; x_wconf 83' lang='lat' dir='ltr'><strong>meridiem</strong></span> <span class='ocrx_word' id='word_1_205' title='bbox 830 2324 835 2352; x_wconf 93' lang='lat'><strong>:</strong></span> <span class='ocrx_word' id='word_1_206' title='bbox 856 2306 969 2352; x_wconf 84' lang='lat' dir='ltr'><strong>subditus</strong></span> 
     </span>
     <span class='ocr_line' id='line_1_30' title="bbox 75 2371 891 2429; baseline -0.001 -11"><span class='ocrx_word' id='word_1_207' title='bbox 75 2371 148 2420; x_wconf 89' lang='lat' dir='ltr'><strong>Deus.</strong></span> <span class='ocrx_word' id='word_1_208' title='bbox 537 2380 590 2420; x_wconf 91' lang='lat' dir='ltr'><strong>esto</strong></span> <span class='ocrx_word' id='word_1_209' title='bbox 602 2371 721 2429; x_wconf 91' lang='lat' dir='ltr'><strong>Domino,</strong></span> <span class='ocrx_word' id='word_1_210' title='bbox 737 2380 761 2419; x_wconf 87' lang='lat' dir='ltr'><strong>et</strong></span> <span class='ocrx_word' id='word_1_211' title='bbox 773 2386 817 2419; x_wconf 86' lang='lat' dir='ltr'><strong>ora</strong></span> <span class='ocrx_word' id='word_1_212' title='bbox 828 2387 891 2418; x_wconf 92' lang='lat' dir='ltr'><strong>eum.</strong></span> 
     </span>
    </p>

    <p class='ocr_par' dir='ltr' id='par_1_13' title="bbox 73 2435 969 2629">
     <span class='ocr_line' id='line_1_31' title="bbox 105 2435 969 2498; baseline -0.005 -13"><span class='ocrx_word' id='word_1_213' title='bbox 105 2437 164 2485; x_wconf 84' lang='lat' dir='ltr'><strong>Filii</strong></span> <span class='ocrx_word' id='word_1_214' title='bbox 187 2443 272 2484; x_wconf 91' lang='lat' dir='ltr'><strong>autem</strong></span> <span class='ocrx_word' id='word_1_215' title='bbox 294 2435 426 2484; x_wconf 92' lang='lat' dir='ltr'><strong>hominum</strong></span> <span class='ocrx_word' id='word_1_216' title='bbox 450 2453 455 2483; x_wconf 94' lang='lat'><strong>:</strong></span> <span class='ocrx_word' id='word_1_217' title='bbox 478 2435 505 2482; x_wconf 88' lang='lat' dir='ltr'><strong>in</strong></span> <span class='ocrx_word' id='word_1_218' title='bbox 570 2437 632 2484; x_wconf 90' lang='lat' dir='ltr'><strong>Noli</strong></span> <span class='ocrx_word' id='word_1_219' title='bbox 643 2437 754 2484; x_wconf 81' lang='lat' dir='ltr'><strong>aemulari</strong></span> <span class='ocrx_word' id='word_1_220' title='bbox 766 2437 791 2484; x_wconf 89' lang='lat' dir='ltr'><strong>in</strong></span> <span class='ocrx_word' id='word_1_221' title='bbox 804 2452 834 2484; x_wconf 94' lang='lat' dir='ltr'><strong>eo</strong></span> <span class='ocrx_word' id='word_1_222' title='bbox 845 2437 888 2498; x_wconf 93' lang='lat' dir='ltr'><strong>qui</strong></span> <span class='ocrx_word' id='word_1_223' title='bbox 901 2451 969 2498; x_wconf 85' lang='lat' dir='ltr'><strong>pros-</strong></span> 
     </span>
     <span class='ocr_line' id='line_1_32' title="bbox 73 2501 969 2566; baseline -0.002 -17"><span class='ocrx_word' id='word_1_224' title='bbox 73 2502 181 2566; x_wconf 82' lang='lat' dir='ltr'><strong>tegmine</strong></span> <span class='ocrx_word' id='word_1_225' title='bbox 198 2501 294 2549; x_wconf 88' lang='lat' dir='ltr'><strong>alarum</strong></span> <span class='ocrx_word' id='word_1_226' title='bbox 311 2508 410 2549; x_wconf 86' lang='lat' dir='ltr'><strong>tuarum</strong></span> <span class='ocrx_word' id='word_1_227' title='bbox 421 2516 505 2564; x_wconf 87' lang='lat' dir='ltr'><strong>spera·</strong></span> <span class='ocrx_word' id='word_1_228' title='bbox 537 2510 637 2565; x_wconf 89' lang='lat' dir='ltr'><strong>peratur</strong></span> <span class='ocrx_word' id='word_1_229' title='bbox 654 2502 680 2549; x_wconf 91' lang='lat' dir='ltr'><strong>iu</strong></span> <span class='ocrx_word' id='word_1_230' title='bbox 697 2503 737 2549; x_wconf 90' lang='lat' dir='ltr'><strong>via</strong></span> <span class='ocrx_word' id='word_1_231' title='bbox 754 2518 798 2549; x_wconf 88' lang='lat' dir='ltr'><strong>sua</strong></span> <span class='ocrx_word' id='word_1_232' title='bbox 811 2502 855 2549; x_wconf 87' lang='lat' dir='ltr'><strong>:in</strong></span> <span class='ocrx_word' id='word_1_233' title='bbox 868 2501 969 2548; x_wconf 83' lang='lat' dir='ltr'><strong>homine</strong></span> 
     </span>
     <span class='ocr_line' id='line_1_33' title="bbox 73 2566 793 2629; baseline -0.001 -14"><span class='ocrx_word' id='word_1_234' title='bbox 73 2566 139 2616; x_wconf 79' lang='lat' dir='ltr'><strong>bunt</strong></span> <span class='ocrx_word' id='word_1_235' title='bbox 538 2568 643 2615; x_wconf 86' lang='lat' dir='ltr'><strong>faciente</strong></span> <span class='ocrx_word' id='word_1_236' title='bbox 654 2566 793 2629; x_wconf 87' lang='lat' dir='ltr'><strong>injustitias.</strong></span> 
     </span>
    </p>

    <p class='ocr_par' dir='ltr' id='par_1_14' title="bbox 73 2631 971 2826">
     <span class='ocr_line' id='line_1_34' title="bbox 105 2631 971 2694; baseline -0.003 -13"><span class='ocrx_word' id='word_1_237' title='bbox 105 2631 301 2681; x_wconf 86' lang='lat' dir='ltr'><strong>Inebriabuntur</strong></span> <span class='ocrx_word' id='word_1_238' title='bbox 329 2632 361 2679; x_wconf 86' lang='lat' dir='ltr'><strong>ab</strong></span> <span class='ocrx_word' id='word_1_239' title='bbox 393 2631 506 2679; x_wconf 87' lang='lat' dir='ltr'><strong>ubertate</strong></span> <span class='ocrx_word' id='word_1_240' title='bbox 572 2633 665 2681; x_wconf 89' lang='lat' dir='ltr'><strong>Desine</strong></span> <span class='ocrx_word' id='word_1_241' title='bbox 677 2632 709 2679; x_wconf 91' lang='lat' dir='ltr'><strong>ab</strong></span> <span class='ocrx_word' id='word_1_242' title='bbox 727 2633 769 2690; x_wconf 91' lang='lat' dir='ltr'><strong>ira,</strong></span> <span class='ocrx_word' id='word_1_243' title='bbox 785 2639 809 2680; x_wconf 89' lang='lat' dir='ltr'><strong>et</strong></span> <span class='ocrx_word' id='word_1_244' title='bbox 827 2631 971 2694; x_wconf 86' lang='lat' dir='ltr'><strong>derelinque</strong></span> 
     </span>
     <span class='ocr_line' id='line_1_35' title="bbox 73 2696 970 2760; baseline -0.002 -15"><span class='ocrx_word' id='word_1_245' title='bbox 73 2697 161 2747; x_wconf 91' lang='lat' dir='ltr'><strong>domus</strong></span> <span class='ocrx_word' id='word_1_246' title='bbox 174 2706 224 2746; x_wconf 86' lang='lat' dir='ltr'><strong>tuae</strong></span> <span class='ocrx_word' id='word_1_247' title='bbox 240 2715 246 2745; x_wconf 92' lang='lat'><strong>:</strong></span> <span class='ocrx_word' id='word_1_248' title='bbox 261 2704 286 2745; x_wconf 90' lang='lat' dir='ltr'><strong>et</strong></span> <span class='ocrx_word' id='word_1_249' title='bbox 298 2703 407 2745; x_wconf 88' lang='lat' dir='ltr'><strong>torrente</strong></span> <span class='ocrx_word' id='word_1_250' title='bbox 418 2696 505 2760; x_wconf 90' lang='lat' dir='ltr'><strong>volup·</strong></span> <span class='ocrx_word' id='word_1_251' title='bbox 537 2697 645 2746; x_wconf 82' lang='lat' dir='ltr'><strong>furorem</strong></span> <span class='ocrx_word' id='word_1_252' title='bbox 661 2697 731 2745; x_wconf 89' lang='lat' dir='ltr'><strong>:noli</strong></span> <span class='ocrx_word' id='word_1_253' title='bbox 748 2696 859 2746; x_wconf 88' lang='lat' dir='ltr'><strong>aemulari</strong></span> <span class='ocrx_word' id='word_1_254' title='bbox 875 2705 902 2744; x_wconf 90' lang='lat' dir='ltr'><strong>ut</strong></span> <span class='ocrx_word' id='word_1_255' title='bbox 919 2713 970 2743; x_wconf 82' lang='lat' dir='ltr'><strong>ma·</strong></span> 
     </span>
     <span class='ocr_line' id='line_1_36' title="bbox 74 2762 646 2826; baseline -0.005 -14"><span class='ocrx_word' id='word_1_256' title='bbox 74 2764 130 2812; x_wconf 85' lang='lat' dir='ltr'><strong>tatis</strong></span> <span class='ocrx_word' id='word_1_257' title='bbox 142 2770 194 2812; x_wconf 86' lang='lat' dir='ltr'><strong>tuae</strong></span> <span class='ocrx_word' id='word_1_258' title='bbox 205 2762 305 2826; x_wconf 85' lang='lat' dir='ltr'><strong>potabis</strong></span> <span class='ocrx_word' id='word_1_259' title='bbox 316 2778 366 2810; x_wconf 90' lang='lat' dir='ltr'><strong>eos.</strong></span> <span class='ocrx_word' id='word_1_260' title='bbox 537 2763 646 2826; x_wconf 78' lang='lat' dir='ltr'><strong>ligneris.</strong></span> 
     </span>
    </p>

    <p class='ocr_par' dir='ltr' id='par_1_15' title="bbox 71 2826 972 3021">
     <span class='ocr_line' id='line_1_37' title="bbox 104 2826 968 2892; baseline -0.005 -15"><span class='ocrx_word' id='word_1_261' title='bbox 104 2827 235 2892; x_wconf 84' lang='lat' dir='ltr'><strong>Quoniam</strong></span> <span class='ocrx_word' id='word_1_262' title='bbox 254 2827 322 2890; x_wconf 88' lang='lat' dir='ltr'><strong>apud</strong></span> <span class='ocrx_word' id='word_1_263' title='bbox 344 2834 369 2875; x_wconf 91' lang='lat' dir='ltr'><strong>te</strong></span> <span class='ocrx_word' id='word_1_264' title='bbox 389 2834 426 2875; x_wconf 89' lang='lat' dir='ltr'><strong>est</strong></span> <span class='ocrx_word' id='word_1_265' title='bbox 450 2826 505 2875; x_wconf 86' lang='lat' dir='ltr'><strong>sons</strong></span> <span class='ocrx_word' id='word_1_266' title='bbox 573 2828 699 2890; x_wconf 86' lang='lat' dir='ltr'><strong>Quoniam</strong></span> <span class='ocrx_word' id='word_1_267' title='bbox 724 2827 767 2890; x_wconf 91' lang='lat' dir='ltr'><strong>qui</strong></span> <span class='ocrx_word' id='word_1_268' title='bbox 793 2826 968 2889; x_wconf 82' lang='lat' dir='ltr'><strong>malignantur,</strong></span> 
     </span>
     <span class='ocr_line' id='line_1_38' title="bbox 72 2892 972 2943; baseline -0.003 -2"><span class='ocrx_word' id='word_1_269' title='bbox 72 2894 128 2943; x_wconf 80' lang='lat' dir='ltr'><strong>vitae</strong></span> <span class='ocrx_word' id='word_1_270' title='bbox 150 2912 156 2942; x_wconf 94' lang='lat'><strong>:</strong></span> <span class='ocrx_word' id='word_1_271' title='bbox 178 2900 204 2941; x_wconf 86' lang='lat' dir='ltr'><strong>et</strong></span> <span class='ocrx_word' id='word_1_272' title='bbox 220 2893 247 2940; x_wconf 89' lang='lat' dir='ltr'><strong>in</strong></span> <span class='ocrx_word' id='word_1_273' title='bbox 263 2892 358 2941; x_wconf 91' lang='lat' dir='ltr'><strong>lumine</strong></span> <span class='ocrx_word' id='word_1_274' title='bbox 377 2899 420 2940; x_wconf 85' lang='lat' dir='ltr'><strong>tuo</strong></span> <span class='ocrx_word' id='word_1_275' title='bbox 437 2892 505 2940; x_wconf 90' lang='lat' dir='ltr'><strong>vide·</strong></span> <span class='ocrx_word' id='word_1_276' title='bbox 539 2893 768 2942; x_wconf 86' lang='lat' dir='ltr'><strong>exterminabuntur</strong></span> <span class='ocrx_word' id='word_1_277' title='bbox 793 2911 799 2940; x_wconf 91' lang='lat'>:</span> <span class='ocrx_word' id='word_1_278' title='bbox 824 2892 972 2940; x_wconf 89' lang='lat' dir='ltr'><strong>sustinentes</strong></span> 
     </span>
     <span class='ocr_line' id='line_1_39' title="bbox 71 2957 971 3021; baseline -0.003 -14"><span class='ocrx_word' id='word_1_279' title='bbox 71 2959 154 3007; x_wconf 91' lang='lat' dir='ltr'><strong>bimus</strong></span> <span class='ocrx_word' id='word_1_280' title='bbox 164 2958 259 3007; x_wconf 90' lang='lat' dir='ltr'><strong>lumen.</strong></span> <span class='ocrx_word' id='word_1_281' title='bbox 539 2966 622 3006; x_wconf 90' lang='lat' dir='ltr'><strong>autem</strong></span> <span class='ocrx_word' id='word_1_282' title='bbox 640 2959 786 3016; x_wconf 89' lang='lat' dir='ltr'><strong>Dominum,</strong></span> <span class='ocrx_word' id='word_1_283' title='bbox 803 2957 851 3021; x_wconf 89' lang='lat' dir='ltr'><strong>ipsi</strong></span> <span class='ocrx_word' id='word_1_284' title='bbox 868 2957 971 3006; x_wconf 85' lang='lat' dir='ltr'><strong>haeredi·</strong></span> 
     </span>
    </p>

    <p class='ocr_par' dir='ltr' id='par_1_16' title="bbox 71 3022 989 3220">
     <span class='ocr_line' id='line_1_40' title="bbox 99 3022 737 3072; baseline -0.002 0"><span class='ocrx_word' id='word_1_285' title='bbox 99 3022 506 3072; x_wconf 83' lang='lat' dir='ltr'><strong>Praetendemisericordiamtuam</strong></span> <span class='ocrx_word' id='word_1_286' title='bbox 539 3025 627 3072; x_wconf 86' lang='lat' dir='ltr'><strong>tabunt</strong></span> <span class='ocrx_word' id='word_1_287' title='bbox 640 3030 737 3071; x_wconf 89' lang='lat' dir='ltr'><strong>terram.</strong></span> 
     </span>
     <span class='ocr_line' id='line_1_41' title="bbox 71 3087 971 3151; baseline -0.004 -13"><span class='ocrx_word' id='word_1_288' title='bbox 71 3089 208 3139; x_wconf 89' lang='lat' dir='ltr'><strong>scientibus</strong></span> <span class='ocrx_word' id='word_1_289' title='bbox 220 3096 245 3136; x_wconf 88' lang='lat' dir='ltr'><strong>te</strong></span> <span class='ocrx_word' id='word_1_290' title='bbox 259 3088 428 3151; x_wconf 85' lang='lat' dir='ltr'><strong>:etjustitiam</strong></span> <span class='ocrx_word' id='word_1_291' title='bbox 438 3096 506 3136; x_wconf 86' lang='lat' dir='ltr'><strong>tuam</strong></span> <span class='ocrx_word' id='word_1_292' title='bbox 573 3090 606 3136; x_wconf 90' lang='lat' dir='ltr'><strong>Et</strong></span> <span class='ocrx_word' id='word_1_293' title='bbox 626 3089 708 3136; x_wconf 89' lang='lat' dir='ltr'><strong>adhuc</strong></span> <span class='ocrx_word' id='word_1_294' title='bbox 727 3087 854 3151; x_wconf 91' lang='lat' dir='ltr'><strong>pusillum,</strong></span> <span class='ocrx_word' id='word_1_295' title='bbox 877 3094 902 3135; x_wconf 92' lang='lat' dir='ltr'><strong>et</strong></span> <span class='ocrx_word' id='word_1_296' title='bbox 921 3103 971 3135; x_wconf 90' lang='lat' dir='ltr'><strong>non</strong></span> 
     </span>
     <span class='ocr_line' id='line_1_42' title="bbox 71 3152 989 3220; baseline -0.011 -16"><span class='ocrx_word' id='word_1_297' title='bbox 71 3155 110 3204; x_wconf 90' lang='lat' dir='ltr'><strong>his</strong></span> <span class='ocrx_word' id='word_1_298' title='bbox 121 3155 166 3218; x_wconf 92' lang='lat' dir='ltr'><strong>qui</strong></span> <span class='ocrx_word' id='word_1_299' title='bbox 178 3160 247 3202; x_wconf 89' lang='lat' dir='ltr'><strong>recto</strong></span> <span class='ocrx_word' id='word_1_300' title='bbox 258 3161 315 3202; x_wconf 90' lang='lat' dir='ltr'><strong>sunt</strong></span> <span class='ocrx_word' id='word_1_301' title='bbox 328 3154 408 3204; x_wconf 90' lang='lat' dir='ltr'><strong>corde.</strong></span> <span class='ocrx_word' id='word_1_302' title='bbox 541 3155 589 3206; x_wconf 84' lang='lat' dir='ltr'><strong>erit</strong></span> <span class='ocrx_word' id='word_1_303' title='bbox 598 3162 717 3220; x_wconf 65' lang='lat' dir='ltr'><strong>peccator</strong></span> <span class='ocrx_word' id='word_1_304' title='bbox 730 3161 777 3202; x_wconf 72' lang='lat' dir='ltr'><strong>:et</strong></span> <span class='ocrx_word' id='word_1_305' title='bbox 786 3152 989 3216; x_wconf 61' lang='lat' dir='ltr'><strong>quaeresmeum</strong></span> 
     </span>
    </p>

    <p class='ocr_par' dir='ltr' id='par_1_17' title="bbox 100 3218 857 3291">
     <span class='ocr_line' id='line_1_43' title="bbox 100 3218 857 3291; baseline -0.003 -24"><span class='ocrx_word' id='word_1_306' title='bbox 100 3220 162 3267; x_wconf 90' lang='lat' dir='ltr'><strong>Non</strong></span> <span class='ocrx_word' id='word_1_307' title='bbox 176 3218 260 3268; x_wconf 87' lang='lat' dir='ltr'><strong>veniat</strong></span> <span class='ocrx_word' id='word_1_308' title='bbox 276 3220 339 3270; x_wconf 88' lang='lat' dir='ltr'><strong>mihi</strong></span> <span class='ocrx_word' id='word_1_309' title='bbox 356 3238 403 3288; x_wconf 92' lang='lat' dir='ltr'><strong>pes</strong></span> <span class='ocrx_word' id='word_1_310' title='bbox 421 3239 509 3291; x_wconf 89' lang='lat' dir='ltr'><strong>super·</strong></span> <span class='ocrx_word' id='word_1_311' title='bbox 547 3224 613 3291; x_wconf 65' lang='lat' dir='ltr'><strong>eius,</strong></span> <span class='ocrx_word' id='word_1_312' title='bbox 627 3231 653 3274; x_wconf 85' lang='lat' dir='ltr'><strong>et</strong></span> <span class='ocrx_word' id='word_1_313' title='bbox 663 3220 857 3272; x_wconf 76' lang='lat' dir='ltr'><strong>nouinuen&#39;res.</strong></span> 
     </span>
    </p>
   </div>
   <div class='ocr_carea' id='block_1_5' title="bbox 127 3292 179 3342">
    <p class='ocr_par' dir='ltr' id='par_1_18' title="bbox 127 3292 179 3342">
     <span class='ocr_line' id='line_1_44' title="bbox 127 3292 179 3342; baseline 0 0"><span class='ocrx_word' id='word_1_314' title='bbox 127 3292 179 3342; x_wconf 78' lang='lat'><strong>237</strong></span> 
     </span>
    </p>
   </div>
   <div class='ocr_carea' id='block_1_6' title="bbox 564 921 932 988">
    <p class='ocr_par' dir='ltr' id='par_1_19' title="bbox 564 921 932 988">
     <span class='ocr_line' id='line_1_45' title="bbox 564 921 932 988; baseline -0.008 -12"><span class='ocrx_word' id='word_1_315' title='bbox 564 929 634 976; x_wconf 78' lang='lat' dir='ltr'><strong>Dias</strong></span> <span class='ocrx_word' id='word_1_316' title='bbox 647 926 708 976; x_wconf 85' lang='lat' dir='ltr'><strong>VII.</strong></span> <span class='ocrx_word' id='word_1_317' title='bbox 744 921 786 980; x_wconf 69' lang='lat' dir='ltr'><strong>at</strong></span> <span class='ocrx_word' id='word_1_318' title='bbox 799 921 932 988; x_wconf 61' lang='lat' dir='ltr'><strong>litandus.</strong></span> 
     </span>
    </p>
   </div>
   <div class='ocr_carea' id='block_1_7' title="bbox 0 0 1082 3532">
    <p class='ocr_par' dir='ltr' id='par_1_20' title="bbox 0 0 1082 3532">
     <span class='ocr_line' id='line_1_46' title="bbox 0 0 1082 3532; baseline 0 0"><span class='ocrx_word' id='word_1_319' title='bbox 0 0 1082 3532; x_wconf 95' lang='lat' dir='ltr'><strong> </strong></span> 
     </span>
    </p>
   </div>
  </div>
 </body>
</html>
