<?xml version="1.0" encoding="UTF-8"?>
<!DOCTYPE html PUBLIC "-//W3C//DTD XHTML 1.0 Transitional//EN"
    "http://www.w3.org/TR/xhtml1/DTD/xhtml1-transitional.dtd">
<html xmlns="http://www.w3.org/1999/xhtml" xml:lang="en" lang="en">
 <head>
  <title>
</title>
<meta http-equiv="Content-Type" content="text/html;charset=utf-8" />
  <meta name='ocr-system' content='tesseract 3.04.00' />
  <meta name='ocr-capabilities' content='ocr_page ocr_carea ocr_par ocr_line ocrx_word'/>
</head>
<body>
  <div class='ocr_page' id='page_1' title='image "./liberprecumpubl00englgoog_0156.png"; bbox 0 0 2116 3532; ppageno 0'>
   <div class='ocr_carea' id='block_1_1' title="bbox 276 109 760 179">
    <p class='ocr_par' dir='ltr' id='par_1_1' title="bbox 276 109 760 179">
     <span class='ocr_line' id='line_1_1' title="bbox 276 109 760 179; baseline 0.004 -15"><span class='ocrx_word' id='word_1_1' title='bbox 276 109 408 166; x_wconf 55' lang='lat' dir='ltr'><strong>damiata</strong></span> <span class='ocrx_word' id='word_1_2' title='bbox 421 111 521 168; x_wconf 59' lang='lat' dir='ltr'><strong>ditata</strong></span> <span class='ocrx_word' id='word_1_3' title='bbox 532 116 590 179; x_wconf 73' lang='lat' dir='ltr'><strong>aust</strong></span> <span class='ocrx_word' id='word_1_4' title='bbox 602 111 760 168; x_wconf 66' lang='lat' dir='ltr'><strong>OEdnltatm.</strong></span> 
     </span>
    </p>
   </div>
   <div class='ocr_carea' id='block_1_2' title="bbox 59 277 954 1180">
    <p class='ocr_par' dir='ltr' id='par_1_2' title="bbox 59 277 954 1115">
     <span class='ocr_line' id='line_1_2' title="bbox 61 277 954 342; baseline -0.002 -14"><span class='ocrx_word' id='word_1_5' title='bbox 61 279 156 328; x_wconf 84' lang='lat' dir='ltr'><strong>vocatis</strong></span> <span class='ocrx_word' id='word_1_6' title='bbox 179 278 315 342; x_wconf 86' lang='lat' dir='ltr'><strong>discipulis,</strong></span> <span class='ocrx_word' id='word_1_7' title='bbox 334 279 369 326; x_wconf 87' lang='lat' dir='ltr'><strong>ait</strong></span> <span class='ocrx_word' id='word_1_8' title='bbox 385 278 434 325; x_wconf 89' lang='lat' dir='ltr'><strong>illis</strong></span> <span class='ocrx_word' id='word_1_9' title='bbox 451 279 492 341; x_wconf 88' lang='lat' dir='ltr'><strong>Je·</strong></span> <span class='ocrx_word' id='word_1_10' title='bbox 525 293 599 342; x_wconf 90' lang='lat' dir='ltr'><strong>super</strong></span> <span class='ocrx_word' id='word_1_11' title='bbox 621 286 717 326; x_wconf 85' lang='lat' dir='ltr'><strong>terram.</strong></span> <span class='ocrx_word' id='word_1_12' title='bbox 771 279 804 326; x_wconf 91' lang='lat' dir='ltr'><strong>Et</strong></span> <span class='ocrx_word' id='word_1_13' title='bbox 831 277 954 341; x_wconf 89' lang='lat' dir='ltr'><strong>accipiens</strong></span> 
     </span>
     <span class='ocr_line' id='line_1_3' title="bbox 59 343 953 406; baseline -0.001 -14"><span class='ocrx_word' id='word_1_14' title='bbox 59 360 117 393; x_wconf 86' lang='lat' dir='ltr'><strong>sus:</strong></span> <span class='ocrx_word' id='word_1_15' title='bbox 143 344 267 391; x_wconf 88' lang='lat' dir='ltr'><strong>Misereor</strong></span> <span class='ocrx_word' id='word_1_16' title='bbox 288 359 362 406; x_wconf 87' lang='lat' dir='ltr'><strong>super</strong></span> <span class='ocrx_word' id='word_1_17' title='bbox 378 344 493 390; x_wconf 89' lang='lat' dir='ltr'><strong>turbam:</strong></span> <span class='ocrx_word' id='word_1_18' title='bbox 525 352 621 406; x_wconf 88' lang='lat' dir='ltr'>septem</span> <span class='ocrx_word' id='word_1_19' title='bbox 647 359 730 406; x_wconf 86' lang='lat' dir='ltr'><strong>panes,</strong></span> <span class='ocrx_word' id='word_1_20' title='bbox 761 343 851 405; x_wconf 83' lang='lat' dir='ltr'><strong>gratias</strong></span> <span class='ocrx_word' id='word_1_21' title='bbox 879 360 953 406; x_wconf 85' lang='lat' dir='ltr'><strong>agens</strong></span> 
     </span>
     <span class='ocr_line' id='line_1_4' title="bbox 61 407 954 473; baseline -0.002 -16"><span class='ocrx_word' id='word_1_22' title='bbox 61 409 121 473; x_wconf 84' lang='lat' dir='ltr'><strong>quia</strong></span> <span class='ocrx_word' id='word_1_23' title='bbox 132 424 192 456; x_wconf 89' lang='lat' dir='ltr'><strong>ecce</strong></span> <span class='ocrx_word' id='word_1_24' title='bbox 208 408 261 470; x_wconf 88' lang='lat' dir='ltr'><strong>jam</strong></span> <span class='ocrx_word' id='word_1_25' title='bbox 279 409 360 455; x_wconf 88' lang='lat' dir='ltr'><strong>triduo</strong></span> <span class='ocrx_word' id='word_1_26' title='bbox 374 407 494 455; x_wconf 88' lang='lat' dir='ltr'><strong>sustinent</strong></span> <span class='ocrx_word' id='word_1_27' title='bbox 525 407 605 469; x_wconf 81' lang='lat' dir='ltr'><strong>fregit,</strong></span> <span class='ocrx_word' id='word_1_28' title='bbox 624 415 648 455; x_wconf 89' lang='lat' dir='ltr'><strong>et</strong></span> <span class='ocrx_word' id='word_1_29' title='bbox 668 407 743 455; x_wconf 87' lang='lat' dir='ltr'><strong>dabat</strong></span> <span class='ocrx_word' id='word_1_30' title='bbox 762 408 888 470; x_wconf 87' lang='lat' dir='ltr'><strong>discipulis</strong></span> <span class='ocrx_word' id='word_1_31' title='bbox 904 409 954 456; x_wconf 87' lang='lat' dir='ltr'><strong>suis</strong></span> 
     </span>
     <span class='ocr_line' id='line_1_5' title="bbox 62 472 950 535; baseline -0.002 -13"><span class='ocrx_word' id='word_1_32' title='bbox 62 489 110 531; x_wconf 88' lang='lat' dir='ltr'><strong>me,</strong></span> <span class='ocrx_word' id='word_1_33' title='bbox 129 488 178 521; x_wconf 92' lang='lat' dir='ltr'><strong>nec</strong></span> <span class='ocrx_word' id='word_1_34' title='bbox 195 473 289 519; x_wconf 89' lang='lat' dir='ltr'><strong>habent</strong></span> <span class='ocrx_word' id='word_1_35' title='bbox 306 472 373 535; x_wconf 90' lang='lat' dir='ltr'><strong>quod</strong></span> <span class='ocrx_word' id='word_1_36' title='bbox 390 472 493 519; x_wconf 90' lang='lat' dir='ltr'><strong>mandu-</strong></span> <span class='ocrx_word' id='word_1_37' title='bbox 526 480 553 518; x_wconf 90' lang='lat' dir='ltr'><strong>ut</strong></span> <span class='ocrx_word' id='word_1_38' title='bbox 561 479 732 534; x_wconf 84' lang='lat' dir='ltr'><strong>apponerent:</strong></span> <span class='ocrx_word' id='word_1_39' title='bbox 749 480 774 520; x_wconf 88' lang='lat' dir='ltr'><strong>et</strong></span> <span class='ocrx_word' id='word_1_40' title='bbox 783 481 950 535; x_wconf 84' lang='lat' dir='ltr'><strong>apposuerunt</strong></span> 
     </span>
     <span class='ocr_line' id='line_1_6' title="bbox 64 536 954 599; baseline -0.002 -13"><span class='ocrx_word' id='word_1_41' title='bbox 64 545 137 586; x_wconf 88' lang='lat' dir='ltr'><strong>cent:</strong></span> <span class='ocrx_word' id='word_1_42' title='bbox 156 544 181 585; x_wconf 92' lang='lat' dir='ltr'><strong>et</strong></span> <span class='ocrx_word' id='word_1_43' title='bbox 189 537 211 584; x_wconf 91' lang='lat' dir='ltr'><strong>si</strong></span> <span class='ocrx_word' id='word_1_44' title='bbox 220 537 335 584; x_wconf 88' lang='lat' dir='ltr'><strong>dimisero</strong></span> <span class='ocrx_word' id='word_1_45' title='bbox 345 552 387 584; x_wconf 89' lang='lat' dir='ltr'><strong>eos</strong></span> <span class='ocrx_word' id='word_1_46' title='bbox 397 536 494 597; x_wconf 88' lang='lat' dir='ltr'><strong>jejunos</strong></span> <span class='ocrx_word' id='word_1_47' title='bbox 526 536 610 583; x_wconf 86' lang='lat' dir='ltr'><strong>turbae.</strong></span> <span class='ocrx_word' id='word_1_48' title='bbox 649 537 682 583; x_wconf 91' lang='lat' dir='ltr'><strong>Et</strong></span> <span class='ocrx_word' id='word_1_49' title='bbox 691 536 815 584; x_wconf 80' lang='lat' dir='ltr'><strong>habebant</strong></span> <span class='ocrx_word' id='word_1_50' title='bbox 823 537 954 599; x_wconf 85' lang='lat' dir='ltr'><strong>pisciculos</strong></span> 
     </span>
     <span class='ocr_line' id='line_1_7' title="bbox 63 599 954 663; baseline -0.001 -13"><span class='ocrx_word' id='word_1_51' title='bbox 63 603 89 650; x_wconf 90' lang='lat' dir='ltr'><strong>in</strong></span> <span class='ocrx_word' id='word_1_52' title='bbox 106 603 214 650; x_wconf 90' lang='lat' dir='ltr'><strong>domum</strong></span> <span class='ocrx_word' id='word_1_53' title='bbox 233 616 310 659; x_wconf 89' lang='lat' dir='ltr'><strong>suam,</strong></span> <span class='ocrx_word' id='word_1_54' title='bbox 333 599 448 648; x_wconf 84' lang='lat' dir='ltr'><strong>deficient</strong></span> <span class='ocrx_word' id='word_1_55' title='bbox 468 601 494 646; x_wconf 94' lang='lat' dir='ltr'><strong>in</strong></span> <span class='ocrx_word' id='word_1_56' title='bbox 526 616 634 663; x_wconf 89' lang='lat' dir='ltr'><strong>paucos:</strong></span> <span class='ocrx_word' id='word_1_57' title='bbox 653 608 676 648; x_wconf 94' lang='lat' dir='ltr'><strong>et</strong></span> <span class='ocrx_word' id='word_1_58' title='bbox 693 601 760 662; x_wconf 92' lang='lat' dir='ltr'><strong>ipsos</strong></span> <span class='ocrx_word' id='word_1_59' title='bbox 776 601 910 658; x_wconf 84' lang='lat' dir='ltr'><strong>benedixit,</strong></span> <span class='ocrx_word' id='word_1_60' title='bbox 930 609 954 649; x_wconf 88' lang='lat' dir='ltr'><strong>et</strong></span> 
     </span>
     <span class='ocr_line' id='line_1_8' title="bbox 63 664 953 729; baseline -0.001 -15"><span class='ocrx_word' id='word_1_61' title='bbox 63 667 119 714; x_wconf 83' lang='lat' dir='ltr'><strong>via:</strong></span> <span class='ocrx_word' id='word_1_62' title='bbox 149 665 253 729; x_wconf 87' lang='lat' dir='ltr'><strong>quidam</strong></span> <span class='ocrx_word' id='word_1_63' title='bbox 273 665 339 713; x_wconf 91' lang='lat' dir='ltr'><strong>enirn</strong></span> <span class='ocrx_word' id='word_1_64' title='bbox 358 680 388 712; x_wconf 86' lang='lat' dir='ltr'><strong>ex</strong></span> <span class='ocrx_word' id='word_1_65' title='bbox 409 665 444 712; x_wconf 91' lang='lat' dir='ltr'><strong>eis</strong></span> <span class='ocrx_word' id='word_1_66' title='bbox 462 665 494 712; x_wconf 93' lang='lat' dir='ltr'><strong>de</strong></span> <span class='ocrx_word' id='word_1_67' title='bbox 523 664 596 726; x_wconf 88' lang='lat' dir='ltr'><strong>jussit</strong></span> <span class='ocrx_word' id='word_1_68' title='bbox 607 665 707 728; x_wconf 90' lang='lat' dir='ltr'><strong>apponi.</strong></span> <span class='ocrx_word' id='word_1_69' title='bbox 746 666 779 712; x_wconf 91' lang='lat' dir='ltr'><strong>Et</strong></span> <span class='ocrx_word' id='word_1_70' title='bbox 790 665 953 713; x_wconf 88' lang='lat' dir='ltr'><strong>manducave-</strong></span> 
     </span>
     <span class='ocr_line' id='line_1_9' title="bbox 62 729 952 793; baseline -0.001 -15"><span class='ocrx_word' id='word_1_71' title='bbox 62 731 136 793; x_wconf 83' lang='lat' dir='ltr'><strong>longe</strong></span> <span class='ocrx_word' id='word_1_72' title='bbox 147 737 275 778; x_wconf 84' lang='lat' dir='ltr'><strong>venerunt</strong></span> <span class='ocrx_word' id='word_1_73' title='bbox 313 729 346 776; x_wconf 91' lang='lat' dir='ltr'><strong>Et</strong></span> <span class='ocrx_word' id='word_1_74' title='bbox 363 729 493 792; x_wconf 89' lang='lat' dir='ltr'><strong>responde·</strong></span> <span class='ocrx_word' id='word_1_75' title='bbox 525 736 589 787; x_wconf 90' lang='lat' dir='ltr'><strong>runt,</strong></span> <span class='ocrx_word' id='word_1_76' title='bbox 613 737 636 776; x_wconf 91' lang='lat' dir='ltr'><strong>et</strong></span> <span class='ocrx_word' id='word_1_77' title='bbox 654 729 756 776; x_wconf 85' lang='lat' dir='ltr'><strong>saturati</strong></span> <span class='ocrx_word' id='word_1_78' title='bbox 776 738 839 786; x_wconf 90' lang='lat' dir='ltr'><strong>sunt,</strong></span> <span class='ocrx_word' id='word_1_79' title='bbox 861 738 885 777; x_wconf 86' lang='lat' dir='ltr'><strong>et</strong></span> <span class='ocrx_word' id='word_1_80' title='bbox 903 746 952 778; x_wconf 89' lang='lat' dir='ltr'><strong>sus·</strong></span> 
     </span>
     <span class='ocr_line' id='line_1_10' title="bbox 64 793 953 857; baseline -0.001 -14"><span class='ocrx_word' id='word_1_81' title='bbox 64 804 119 843; x_wconf 89' lang='lat' dir='ltr'><strong>runt</strong></span> <span class='ocrx_word' id='word_1_82' title='bbox 128 795 152 843; x_wconf 92' lang='lat' dir='ltr'><strong>ei</strong></span> <span class='ocrx_word' id='word_1_83' title='bbox 161 793 277 857; x_wconf 90' lang='lat' dir='ltr'><strong>discipuli</strong></span> <span class='ocrx_word' id='word_1_84' title='bbox 285 794 337 841; x_wconf 83' lang='lat' dir='ltr'><strong>sui:</strong></span> <span class='ocrx_word' id='word_1_85' title='bbox 355 793 429 842; x_wconf 91' lang='lat' dir='ltr'><strong>Unde</strong></span> <span class='ocrx_word' id='word_1_86' title='bbox 438 793 495 840; x_wconf 90' lang='lat' dir='ltr'><strong>illos</strong></span> <span class='ocrx_word' id='word_1_87' title='bbox 526 793 633 840; x_wconf 90' lang='lat' dir='ltr'><strong>tulerunt</strong></span> <span class='ocrx_word' id='word_1_88' title='bbox 656 794 723 856; x_wconf 91' lang='lat' dir='ltr'><strong>quod</strong></span> <span class='ocrx_word' id='word_1_89' title='bbox 746 803 902 856; x_wconf 86' lang='lat' dir='ltr'><strong>superaverat</strong></span> <span class='ocrx_word' id='word_1_90' title='bbox 922 795 953 842; x_wconf 89' lang='lat' dir='ltr'><strong>de</strong></span> 
     </span>
     <span class='ocr_line' id='line_1_11' title="bbox 64 857 949 923; baseline -0.001 -16"><span class='ocrx_word' id='word_1_91' title='bbox 64 860 116 923; x_wconf 89' lang='lat' dir='ltr'><strong>quis</strong></span> <span class='ocrx_word' id='word_1_92' title='bbox 131 858 225 922; x_wconf 89' lang='lat' dir='ltr'><strong>poterit</strong></span> <span class='ocrx_word' id='word_1_93' title='bbox 242 858 283 905; x_wconf 91' lang='lat' dir='ltr'><strong>hic</strong></span> <span class='ocrx_word' id='word_1_94' title='bbox 299 866 407 905; x_wconf 87' lang='lat' dir='ltr'><strong>saturare</strong></span> <span class='ocrx_word' id='word_1_95' title='bbox 424 858 493 920; x_wconf 85' lang='lat' dir='ltr'><strong>pani·</strong></span> <span class='ocrx_word' id='word_1_96' title='bbox 525 857 675 919; x_wconf 80' lang='lat' dir='ltr'><strong>fragmentis,</strong></span> <span class='ocrx_word' id='word_1_97' title='bbox 714 866 809 920; x_wconf 86' lang='lat' dir='ltr'><strong>septem</strong></span> <span class='ocrx_word' id='word_1_98' title='bbox 848 866 949 921; x_wconf 85' lang='lat' dir='ltr'><strong>sportas.</strong></span> 
     </span>
     <span class='ocr_line' id='line_1_12' title="bbox 64 922 952 985; baseline -0.002 -13"><span class='ocrx_word' id='word_1_99' title='bbox 64 925 109 972; x_wconf 88' lang='lat' dir='ltr'><strong>bus</strong></span> <span class='ocrx_word' id='word_1_100' title='bbox 120 924 148 971; x_wconf 89' lang='lat' dir='ltr'><strong>in</strong></span> <span class='ocrx_word' id='word_1_101' title='bbox 160 922 314 971; x_wconf 84' lang='lat' dir='ltr'><strong>solitudine?</strong></span> <span class='ocrx_word' id='word_1_102' title='bbox 346 922 380 969; x_wconf 91' lang='lat' dir='ltr'><strong>Et</strong></span> <span class='ocrx_word' id='word_1_103' title='bbox 391 922 493 969; x_wconf 90' lang='lat' dir='ltr'><strong>interro·</strong></span> <span class='ocrx_word' id='word_1_104' title='bbox 526 922 604 969; x_wconf 85' lang='lat' dir='ltr'><strong>Erant</strong></span> <span class='ocrx_word' id='word_1_105' title='bbox 632 930 714 969; x_wconf 84' lang='lat' dir='ltr'><strong>autem</strong></span> <span class='ocrx_word' id='word_1_106' title='bbox 746 923 788 985; x_wconf 90' lang='lat' dir='ltr'><strong>qui</strong></span> <span class='ocrx_word' id='word_1_107' title='bbox 820 923 952 971; x_wconf 83' lang='lat' dir='ltr'><strong>manduca·</strong></span> 
     </span>
     <span class='ocr_line' id='line_1_13' title="bbox 64 987 952 1051; baseline -0.002 -15"><span class='ocrx_word' id='word_1_108' title='bbox 64 988 130 1051; x_wconf 83' lang='lat' dir='ltr'><strong>gavit</strong></span> <span class='ocrx_word' id='word_1_109' title='bbox 137 1003 200 1036; x_wconf 86' lang='lat' dir='ltr'><strong>eos:</strong></span> <span class='ocrx_word' id='word_1_110' title='bbox 219 987 287 1048; x_wconf 91' lang='lat' dir='ltr'><strong>Quot</strong></span> <span class='ocrx_word' id='word_1_111' title='bbox 295 1002 371 1049; x_wconf 86' lang='lat' dir='ltr'><strong>panes</strong></span> <span class='ocrx_word' id='word_1_112' title='bbox 380 987 495 1034; x_wconf 84' lang='lat' dir='ltr'><strong>habetis?</strong></span> <span class='ocrx_word' id='word_1_113' title='bbox 525 993 617 1043; x_wconf 82' lang='lat' dir='ltr'><strong>verant,</strong></span> <span class='ocrx_word' id='word_1_114' title='bbox 644 987 713 1049; x_wconf 85' lang='lat' dir='ltr'><strong>quasi</strong></span> <span class='ocrx_word' id='word_1_115' title='bbox 733 995 839 1049; x_wconf 89' lang='lat' dir='ltr'><strong>quatuor</strong></span> <span class='ocrx_word' id='word_1_116' title='bbox 857 988 952 1034; x_wconf 89' lang='lat' dir='ltr'><strong>millia:</strong></span> 
     </span>
     <span class='ocr_line' id='line_1_14' title="bbox 65 1050 713 1115; baseline -0.002 -15"><span class='ocrx_word' id='word_1_117' title='bbox 65 1052 114 1115; x_wconf 88' lang='lat' dir='ltr'><strong>Qui</strong></span> <span class='ocrx_word' id='word_1_118' title='bbox 137 1052 269 1099; x_wconf 77' lang='lat' dir='ltr'><strong>dixerimt:</strong></span> <span class='ocrx_word' id='word_1_119' title='bbox 302 1050 411 1113; x_wconf 87' lang='lat' dir='ltr'><strong>Septem.</strong></span> <span class='ocrx_word' id='word_1_120' title='bbox 461 1051 493 1098; x_wconf 85' lang='lat' dir='ltr'><strong>Et</strong></span> <span class='ocrx_word' id='word_1_121' title='bbox 525 1059 549 1097; x_wconf 89' lang='lat' dir='ltr'><strong>et</strong></span> <span class='ocrx_word' id='word_1_122' title='bbox 560 1050 653 1098; x_wconf 93' lang='lat' dir='ltr'><strong>dimisit</strong></span> <span class='ocrx_word' id='word_1_123' title='bbox 665 1067 713 1099; x_wconf 86' lang='lat' dir='ltr'><strong>eos.</strong></span> 
     </span>
    </p>

    <p class='ocr_par' dir='ltr' id='par_1_3' title="bbox 65 1115 493 1180">
     <span class='ocr_line' id='line_1_15' title="bbox 65 1115 493 1180; baseline -0.009 -14"><span class='ocrx_word' id='word_1_124' title='bbox 65 1116 183 1180; x_wconf 75' lang='lat' dir='ltr'><strong>praecepit</strong></span> <span class='ocrx_word' id='word_1_125' title='bbox 222 1116 301 1164; x_wconf 86' lang='lat' dir='ltr'><strong>turbae</strong></span> <span class='ocrx_word' id='word_1_126' title='bbox 339 1115 493 1162; x_wconf 89' lang='lat' dir='ltr'><strong>discumbere</strong></span> 
     </span>
    </p>
   </div>
   <div class='ocr_carea' id='block_1_3' title="bbox 270 1271 746 1339">
    <p class='ocr_par' dir='ltr' id='par_1_4' title="bbox 270 1271 746 1339">
     <span class='ocr_line' id='line_1_16' title="bbox 270 1271 746 1339; baseline 0.004 -13"><span class='ocrx_word' id='word_1_127' title='bbox 270 1271 401 1327; x_wconf 54' lang='lat' dir='ltr'><strong>damiata</strong></span> <span class='ocrx_word' id='word_1_128' title='bbox 413 1271 511 1326; x_wconf 55' lang='lat' dir='ltr'><strong>ditata</strong></span> <span class='ocrx_word' id='word_1_129' title='bbox 522 1276 578 1339; x_wconf 72' lang='lat' dir='ltr'><strong>aust</strong></span> <span class='ocrx_word' id='word_1_130' title='bbox 590 1273 746 1328; x_wconf 65' lang='lat' dir='ltr'><strong>divinitatem.</strong></span> 
     </span>
    </p>
   </div>
   <div class='ocr_carea' id='block_1_4' title="bbox 230 1392 951 1468">
    <p class='ocr_par' dir='ltr' id='par_1_5' title="bbox 230 1392 951 1468">
     <span class='ocr_line' id='line_1_17' title="bbox 230 1392 951 1468; baseline 0.003 -20"><span class='ocrx_word' id='word_1_131' title='bbox 230 1392 330 1448; x_wconf 55' lang='lat' dir='ltr'><strong>&amp;tatia</strong></span> <span class='ocrx_word' id='word_1_132' title='bbox 526 1405 592 1452; x_wconf 91' lang='lat' dir='ltr'><strong>enim</strong></span> <span class='ocrx_word' id='word_1_133' title='bbox 605 1405 711 1468; x_wconf 86' lang='lat' dir='ltr'><strong>Spiritus</strong></span> <span class='ocrx_word' id='word_1_134' title='bbox 718 1404 886 1453; x_wconf 87' lang='lat' dir='ltr'><strong>testimonium</strong></span> <span class='ocrx_word' id='word_1_135' title='bbox 899 1405 951 1451; x_wconf 91' lang='lat' dir='ltr'><strong>red·</strong></span> 
     </span>
    </p>
   </div>
   <div class='ocr_carea' id='block_1_5' title="bbox 133 1469 952 1603">
    <p class='ocr_par' dir='ltr' id='par_1_6' title="bbox 133 1469 952 1603">
     <span class='ocr_line' id='line_1_18' title="bbox 133 1469 952 1553; baseline 0.005 -15"><span class='ocrx_word' id='word_1_136' title='bbox 133 1489 213 1549; x_wconf 89' lang='lat' dir='ltr'><strong>EUS,</strong></span> <span class='ocrx_word' id='word_1_137' title='bbox 226 1489 295 1552; x_wconf 87' lang='lat' dir='ltr'><strong>cnjus</strong></span> <span class='ocrx_word' id='word_1_138' title='bbox 305 1491 460 1553; x_wconf 88' lang='lat' dir='ltr'><strong>providentia</strong></span> <span class='ocrx_word' id='word_1_139' title='bbox 469 1491 494 1538; x_wconf 92' lang='lat' dir='ltr'><strong>in</strong></span> <span class='ocrx_word' id='word_1_140' title='bbox 525 1469 669 1544; x_wconf 47' lang='lat' dir='ltr'><strong>diispiriiffi</strong></span> <span class='ocrx_word' id='word_1_141' title='bbox 682 1479 773 1548; x_wconf 45' lang='lat' dir='ltr'><strong>”qim</strong></span> <span class='ocrx_word' id='word_1_142' title='bbox 790 1469 856 1531; x_wconf 70' lang='lat' dir='ltr'>quod</span> <span class='ocrx_word' id='word_1_143' title='bbox 869 1484 952 1542; x_wconf 57' lang='lat' dir='ltr'><strong>Simus</strong></span> 
     </span>
     <span class='ocr_line' id='line_1_19' title="bbox 167 1533 952 1603; baseline 0.005 0"><span class='ocrx_word' id='word_1_144' title='bbox 167 1554 304 1603; x_wconf 85' lang='lat' dir='ltr'><strong>coelestium</strong></span> <span class='ocrx_word' id='word_1_145' title='bbox 313 1556 494 1603; x_wconf 82' lang='lat' dir='ltr'><strong>ettenestrium</strong></span> <span class='ocrx_word' id='word_1_146' title='bbox 526 1533 570 1581; x_wconf 53' lang='grc' dir='ltr'><strong>ΜΠ</strong></span> <span class='ocrx_word' id='word_1_147' title='bbox 591 1535 645 1582; x_wconf 62' lang='lat'>13⁸¹·</span> <span class='ocrx_word' id='word_1_148' title='bbox 695 1535 722 1582; x_wconf 67' lang='lat'><strong>5¹</strong></span> <span class='ocrx_word' id='word_1_149' title='bbox 745 1542 827 1581; x_wconf 61' lang='lat' dir='ltr'>antem</span> <span class='ocrx_word' id='word_1_150' title='bbox 851 1533 902 1589; x_wconf 47' lang='grc' dir='ltr'><strong>Μ</strong></span> <span class='ocrx_word' id='word_1_151' title='bbox 928 1540 952 1579; x_wconf 57' lang='lat' dir='ltr'><strong>et</strong></span> 
     </span>
    </p>
   </div>
   <div class='ocr_carea' id='block_1_6' title="bbox 63 1597 951 1748">
    <p class='ocr_par' dir='ltr' id='par_1_7' title="bbox 63 1597 951 1748">
     <span class='ocr_line' id='line_1_20' title="bbox 64 1597 949 1684; baseline -0.002 -39"><span class='ocrx_word' id='word_1_152' title='bbox 64 1620 228 1684; x_wconf 62' lang='lat' dir='ltr'><strong>dispositione</strong></span> <span class='ocrx_word' id='word_1_153' title='bbox 249 1635 300 1667; x_wconf 72' lang='lat' dir='ltr'><strong>non</strong></span> <span class='ocrx_word' id='word_1_154' title='bbox 322 1619 430 1678; x_wconf 42' lang='lat' dir='ltr'><strong>faustum</strong></span> <span class='ocrx_word' id='word_1_155' title='bbox 456 1621 494 1668; x_wconf 79' lang='lat' dir='ltr'><strong>Te</strong></span> <span class='ocrx_word' id='word_1_156' title='bbox 526 1598 649 1646; x_wconf 68' lang='lat' dir='ltr'><strong>haeredes:</strong></span> <span class='ocrx_word' id='word_1_157' title='bbox 664 1599 774 1646; x_wconf 82' lang='lat' dir='ltr'><strong>haeredes</strong></span> <span class='ocrx_word' id='word_1_158' title='bbox 783 1598 884 1674; x_wconf 81' lang='lat' dir='ltr'><strong>quidem</strong></span> <span class='ocrx_word' id='word_1_159' title='bbox 894 1597 949 1670; x_wconf 66' lang='lat' dir='ltr'><strong>Dei!</strong></span> 
     </span>
     <span class='ocr_line' id='line_1_21' title="bbox 63 1662 951 1748; baseline -0.005 -37"><span class='ocrx_word' id='word_1_160' title='bbox 63 1684 189 1748; x_wconf 67' lang='lat' dir='ltr'><strong>supplices</strong></span> <span class='ocrx_word' id='word_1_161' title='bbox 211 1699 346 1742; x_wconf 54' lang='lat' dir='ltr'>exoramus,</span> <span class='ocrx_word' id='word_1_162' title='bbox 371 1692 399 1732; x_wconf 63' lang='lat' dir='ltr'><strong>m</strong></span> <span class='ocrx_word' id='word_1_163' title='bbox 420 1685 495 1732; x_wconf 61' lang='lat' dir='ltr'>noxia</span> <span class='ocrx_word' id='word_1_164' title='bbox 525 1664 665 1711; x_wconf 87' lang='lat' dir='ltr'><strong>cohaeredes</strong></span> <span class='ocrx_word' id='word_1_165' title='bbox 688 1671 771 1711; x_wconf 88' lang='lat' dir='ltr'><strong>autem</strong></span> <span class='ocrx_word' id='word_1_166' title='bbox 795 1662 903 1710; x_wconf 85' lang='lat' dir='ltr'><strong>Christi:</strong></span> <span class='ocrx_word' id='word_1_167' title='bbox 932 1677 951 1708; x_wconf 83' lang='lat' dir='ltr'><strong>si</strong></span> 
     </span>
    </p>
   </div>
   <div class='ocr_carea' id='block_1_7' title="bbox 64 1729 951 1806">
    <p class='ocr_par' dir='ltr' id='par_1_8' title="bbox 64 1729 951 1806">
     <span class='ocr_line' id='line_1_22' title="bbox 64 1729 951 1806; baseline -0.002 -32"><span class='ocrx_word' id='word_1_168' title='bbox 64 1757 154 1797; x_wconf 59' lang='lat' dir='ltr'><strong>cuncta</strong></span> <span class='ocrx_word' id='word_1_169' title='bbox 181 1749 336 1806; x_wconf 54' lang='lat' dir='ltr'>submoveas,</span> <span class='ocrx_word' id='word_1_170' title='bbox 361 1756 385 1796; x_wconf 63' lang='lat' dir='ltr'><strong>et</strong></span> <span class='ocrx_word' id='word_1_171' title='bbox 410 1749 494 1796; x_wconf 65' lang='lat' dir='ltr'>omnia</span> <span class='ocrx_word' id='word_1_172' title='bbox 524 1735 607 1775; x_wconf 90' lang='lat' dir='ltr'><strong>tamen</strong></span> <span class='ocrx_word' id='word_1_173' title='bbox 620 1729 791 1790; x_wconf 88' lang='lat' dir='ltr'><strong>compatimur,</strong></span> <span class='ocrx_word' id='word_1_174' title='bbox 809 1734 836 1774; x_wconf 92' lang='lat' dir='ltr'><strong>ut</strong></span> <span class='ocrx_word' id='word_1_175' title='bbox 853 1735 877 1774; x_wconf 93' lang='lat' dir='ltr'><strong>et</strong></span> <span class='ocrx_word' id='word_1_176' title='bbox 895 1742 951 1773; x_wconf 92' lang='lat' dir='ltr'><strong>con-</strong></span> 
     </span>
    </p>
   </div>
   <div class='ocr_carea' id='block_1_8' title="bbox 63 1791 844 2056">
    <p class='ocr_par' dir='ltr' id='par_1_9' title="bbox 63 1791 844 2056">
     <span class='ocr_line' id='line_1_23' title="bbox 64 1791 694 1887; baseline -0.024 -25"><span class='ocrx_word' id='word_1_177' title='bbox 64 1814 137 1862; x_wconf 91' lang='lat' dir='ltr'><strong>nobis</strong></span> <span class='ocrx_word' id='word_1_178' title='bbox 149 1813 277 1886; x_wconf 80' lang='lat' dir='ltr'><strong>profutura</strong></span> <span class='ocrx_word' id='word_1_179' title='bbox 286 1814 413 1860; x_wconf 85' lang='lat' dir='ltr'><strong>concedas.</strong></span> <span class='ocrx_word' id='word_1_180' title='bbox 426 1877 431 1887; x_wconf 93' lang='lat'>.</span> <span class='ocrx_word' id='word_1_181' title='bbox 447 1814 494 1861; x_wconf 86' lang='lat' dir='ltr'><strong>Per</strong></span> <span class='ocrx_word' id='word_1_182' title='bbox 523 1791 694 1854; x_wconf 82' lang='lat' dir='ltr'><strong>glorificemur,</strong></span> 
     </span>
     <span class='ocr_line' id='line_1_24' title="bbox 63 1877 832 1991; baseline -0.033 0"><span class='ocrx_word' id='word_1_183' title='bbox 63 1877 317 1991; x_wconf 31' lang='lat' dir='ltr'><strong>{lgm-ciffi?</strong></span> <span class='ocrx_word' id='word_1_184' title='bbox 356 1877 493 1925; x_wconf 72' lang='lat' dir='ltr'>D⁰m¹¹¹¹¹m</span> <span class='ocrx_word' id='word_1_185' title='bbox 657 1900 832 1971; x_wconf 60' lang='lat' dir='ltr'><strong>anangulum.</strong></span> 
     </span>
     <span class='ocr_line' id='line_1_25' title="bbox 632 1995 844 2056; baseline -0.014 -12"><span class='ocrx_word' id='word_1_186' title='bbox 632 1995 656 2044; x_wconf 88' lang='lat' dir='ltr'><strong>S.</strong></span> <span class='ocrx_word' id='word_1_187' title='bbox 671 1997 743 2043; x_wconf 84' lang='lat' dir='ltr'><strong>Matt.</strong></span> <span class='ocrx_word' id='word_1_188' title='bbox 754 1995 794 2043; x_wconf 90' lang='lat' dir='ltr'><strong>vii.</strong></span> <span class='ocrx_word' id='word_1_189' title='bbox 810 2005 844 2056; x_wconf 86' lang='lat'><strong>15.</strong></span> 
     </span>
    </p>
   </div>
   <div class='ocr_carea' id='block_1_9' title="bbox 66 2066 966 3044">
    <p class='ocr_par' dir='ltr' id='par_1_10' title="bbox 66 2066 966 3044">
     <span class='ocr_line' id='line_1_26' title="bbox 220 2066 953 2136; baseline -0.007 -12"><span class='ocrx_word' id='word_1_190' title='bbox 220 2066 347 2135; x_wconf 63' lang='grc' dir='ltr'><strong>Ὲῌίὸῒῦῖᾶ.</strong></span> <span class='ocrx_word' id='word_1_191' title='bbox 589 2076 776 2123; x_wconf 83' lang='lat' dir='ltr'>TTENDITE</span> <span class='ocrx_word' id='word_1_192' title='bbox 788 2091 803 2122; x_wconf 89' lang='lat' dir='ltr'><strong>a</strong></span> <span class='ocrx_word' id='word_1_193' title='bbox 819 2074 886 2121; x_wconf 87' lang='lat' dir='ltr'><strong>salsis</strong></span> <span class='ocrx_word' id='word_1_194' title='bbox 898 2089 953 2136; x_wconf 89' lang='lat' dir='ltr'><strong>pro·</strong></span> 
     </span>
     <span class='ocr_line' id='line_1_27' title="bbox 184 2137 951 2229; baseline -0.014 -35"><span class='ocrx_word' id='word_1_195' title='bbox 184 2182 201 2229; x_wconf 78' lang='lat' dir='ltr'>d</span> <span class='ocrx_word' id='word_1_196' title='bbox 623 2141 715 2202; x_wconf 68' lang='lat' dir='ltr'><strong>phem,</strong></span> <span class='ocrx_word' id='word_1_197' title='bbox 738 2140 780 2203; x_wconf 90' lang='lat' dir='ltr'><strong>qui</strong></span> <span class='ocrx_word' id='word_1_198' title='bbox 800 2139 901 2186; x_wconf 87' lang='lat' dir='ltr'><strong>veniunt</strong></span> <span class='ocrx_word' id='word_1_199' title='bbox 922 2137 951 2184; x_wconf 88' lang='lat' dir='ltr'><strong>ad</strong></span> 
     </span>
     <span class='ocr_line' id='line_1_28' title="bbox 157 2183 953 2259; baseline -0.011 -3"><span class='ocrx_word' id='word_1_200' title='bbox 157 2183 183 2231; x_wconf 78' lang='grc' dir='ltr'><strong>Α</strong></span> <span class='ocrx_word' id='word_1_201' title='bbox 210 2183 344 2230; x_wconf 64' lang='lat' dir='ltr'><strong>Rom·v¹¹¹&#39;</strong></span> <span class='ocrx_word' id='word_1_202' title='bbox 359 2195 394 2230; x_wconf 81' lang='lat'><strong>¹²·</strong></span> <span class='ocrx_word' id='word_1_203' title='bbox 525 2221 568 2253; x_wconf 86' lang='lat' dir='ltr'><strong>vos</strong></span> <span class='ocrx_word' id='word_1_204' title='bbox 586 2205 612 2252; x_wconf 93' lang='lat' dir='ltr'><strong>in</strong></span> <span class='ocrx_word' id='word_1_205' title='bbox 628 2205 779 2252; x_wconf 88' lang='lat' dir='ltr'><strong>vestimentis</strong></span> <span class='ocrx_word' id='word_1_206' title='bbox 803 2206 894 2259; x_wconf 87' lang='lat' dir='ltr'><strong>ovium,</strong></span> <span class='ocrx_word' id='word_1_207' title='bbox 917 2202 953 2248; x_wconf 93' lang='lat' dir='ltr'><strong>in-</strong></span> 
     </span>
     <span class='ocr_line' id='line_1_29' title="bbox 133 2267 953 2330; baseline -0.011 -10"><span class='ocrx_word' id='word_1_208' title='bbox 133 2271 314 2330; x_wconf 89' lang='lat' dir='ltr'><strong>RATRES,</strong></span> <span class='ocrx_word' id='word_1_209' title='bbox 370 2270 493 2318; x_wconf 89' lang='lat' dir='ltr'><strong>debitores</strong></span> <span class='ocrx_word' id='word_1_210' title='bbox 525 2271 644 2317; x_wconf 86' lang='lat' dir='ltr'><strong>trinsecus</strong></span> <span class='ocrx_word' id='word_1_211' title='bbox 666 2277 749 2316; x_wconf 81' lang='lat' dir='ltr'><strong>autem</strong></span> <span class='ocrx_word' id='word_1_212' title='bbox 771 2275 828 2315; x_wconf 91' lang='lat' dir='ltr'><strong>sunt</strong></span> <span class='ocrx_word' id='word_1_213' title='bbox 846 2267 897 2328; x_wconf 90' lang='lat' dir='ltr'><strong>lupi</strong></span> <span class='ocrx_word' id='word_1_214' title='bbox 917 2282 953 2312; x_wconf 86' lang='lat' dir='ltr'><strong>ra-</strong></span> 
     </span>
     <span class='ocr_line' id='line_1_30' title="bbox 170 2333 954 2397; baseline -0.011 -13"><span class='ocrx_word' id='word_1_215' title='bbox 170 2351 255 2384; x_wconf 89' lang='lat' dir='ltr'><strong>sumus</strong></span> <span class='ocrx_word' id='word_1_216' title='bbox 283 2351 334 2383; x_wconf 91' lang='lat' dir='ltr'><strong>non</strong></span> <span class='ocrx_word' id='word_1_217' title='bbox 362 2335 436 2392; x_wconf 85' lang='lat' dir='ltr'><strong>carni,</strong></span> <span class='ocrx_word' id='word_1_218' title='bbox 467 2343 493 2381; x_wconf 88' lang='lat' dir='ltr'><strong>ut</strong></span> <span class='ocrx_word' id='word_1_219' title='bbox 525 2349 614 2397; x_wconf 85' lang='lat' dir='ltr'><strong>paces:</strong></span> <span class='ocrx_word' id='word_1_220' title='bbox 633 2333 781 2381; x_wconf 85' lang='lat' dir='ltr'><strong>asructibus</strong></span> <span class='ocrx_word' id='word_1_221' title='bbox 797 2347 881 2379; x_wconf 87' lang='lat' dir='ltr'><strong>eorum</strong></span> <span class='ocrx_word' id='word_1_222' title='bbox 898 2345 954 2390; x_wconf 77' lang='lat' dir='ltr'><strong>cog·</strong></span> 
     </span>
     <span class='ocr_line' id='line_1_31' title="bbox 67 2395 954 2458; baseline -0.01 -9"><span class='ocrx_word' id='word_1_223' title='bbox 67 2400 204 2450; x_wconf 86' lang='lat' dir='ltr'><strong>secundum</strong></span> <span class='ocrx_word' id='word_1_224' title='bbox 216 2415 314 2448; x_wconf 84' lang='lat' dir='ltr'><strong>carnem</strong></span> <span class='ocrx_word' id='word_1_225' title='bbox 326 2402 443 2446; x_wconf 90' lang='lat' dir='ltr'><strong>vivamus.</strong></span> <span class='ocrx_word' id='word_1_226' title='bbox 466 2399 493 2446; x_wconf 88' lang='lat' dir='ltr'><strong>Si</strong></span> <span class='ocrx_word' id='word_1_227' title='bbox 525 2398 631 2445; x_wconf 89' lang='lat' dir='ltr'><strong>noscetis</strong></span> <span class='ocrx_word' id='word_1_228' title='bbox 649 2413 697 2446; x_wconf 92' lang='lat' dir='ltr'><strong>eos.</strong></span> <span class='ocrx_word' id='word_1_229' title='bbox 736 2395 865 2458; x_wconf 87' lang='lat' dir='ltr'><strong>Numquid</strong></span> <span class='ocrx_word' id='word_1_230' title='bbox 887 2395 954 2441; x_wconf 90' lang='lat' dir='ltr'><strong>colli-</strong></span> 
     </span>
     <span class='ocr_line' id='line_1_32' title="bbox 66 2458 954 2524; baseline -0.011 -10"><span class='ocrx_word' id='word_1_231' title='bbox 66 2467 132 2514; x_wconf 88' lang='lat' dir='ltr'><strong>enim</strong></span> <span class='ocrx_word' id='word_1_232' title='bbox 147 2465 285 2513; x_wconf 87' lang='lat' dir='ltr'><strong>secundnm</strong></span> <span class='ocrx_word' id='word_1_233' title='bbox 297 2479 395 2511; x_wconf 82' lang='lat' dir='ltr'><strong>carnem</strong></span> <span class='ocrx_word' id='word_1_234' title='bbox 408 2463 494 2510; x_wconf 84' lang='lat' dir='ltr'><strong>vixeri-</strong></span> <span class='ocrx_word' id='word_1_235' title='bbox 525 2471 587 2524; x_wconf 79' lang='lat' dir='ltr'><strong>gunt</strong></span> <span class='ocrx_word' id='word_1_236' title='bbox 609 2463 641 2510; x_wconf 91' lang='lat' dir='ltr'><strong>de</strong></span> <span class='ocrx_word' id='word_1_237' title='bbox 669 2461 745 2524; x_wconf 86' lang='lat' dir='ltr'><strong>spinis</strong></span> <span class='ocrx_word' id='word_1_238' title='bbox 768 2477 835 2519; x_wconf 84' lang='lat' dir='ltr'><strong>uvas,</strong></span> <span class='ocrx_word' id='word_1_239' title='bbox 859 2467 899 2505; x_wconf 89' lang='lat' dir='ltr'><strong>aut</strong></span> <span class='ocrx_word' id='word_1_240' title='bbox 923 2458 954 2505; x_wconf 91' lang='lat' dir='ltr'><strong>de</strong></span> 
     </span>
     <span class='ocr_line' id='line_1_33' title="bbox 66 2523 955 2590; baseline -0.01 -13"><span class='ocrx_word' id='word_1_241' title='bbox 66 2533 104 2590; x_wconf 90' lang='lat' dir='ltr'><strong>tis,</strong></span> <span class='ocrx_word' id='word_1_242' title='bbox 114 2529 268 2578; x_wconf 87' lang='lat' dir='ltr'><strong>moriemini:</strong></span> <span class='ocrx_word' id='word_1_243' title='bbox 281 2529 301 2576; x_wconf 93' lang='lat' dir='ltr'><strong>si</strong></span> <span class='ocrx_word' id='word_1_244' title='bbox 309 2536 391 2575; x_wconf 88' lang='lat' dir='ltr'><strong>autem</strong></span> <span class='ocrx_word' id='word_1_245' title='bbox 401 2527 494 2590; x_wconf 90' lang='lat' dir='ltr'><strong>Spiritu</strong></span> <span class='ocrx_word' id='word_1_246' title='bbox 526 2527 623 2574; x_wconf 87' lang='lat' dir='ltr'><strong>tribulis</strong></span> <span class='ocrx_word' id='word_1_247' title='bbox 632 2526 712 2574; x_wconf 88' lang='lat' dir='ltr'><strong>ficus?</strong></span> <span class='ocrx_word' id='word_1_248' title='bbox 741 2525 782 2573; x_wconf 90' lang='lat' dir='ltr'><strong>Sic</strong></span> <span class='ocrx_word' id='word_1_249' title='bbox 791 2524 872 2571; x_wconf 88' lang='lat' dir='ltr'><strong>omnis</strong></span> <span class='ocrx_word' id='word_1_250' title='bbox 882 2523 955 2569; x_wconf 89' lang='lat' dir='ltr'><strong>arbor</strong></span> 
     </span>
     <span class='ocr_line' id='line_1_34' title="bbox 66 2587 956 2649; baseline -0.01 -7"><span class='ocrx_word' id='word_1_251' title='bbox 66 2595 131 2642; x_wconf 87' lang='lat' dir='ltr'><strong>facta</strong></span> <span class='ocrx_word' id='word_1_252' title='bbox 165 2593 246 2642; x_wconf 84' lang='lat' dir='ltr'><strong>carnis</strong></span> <span class='ocrx_word' id='word_1_253' title='bbox 280 2591 492 2649; x_wconf 83' lang='lat' dir='ltr'><strong>mortificaveritis,</strong></span> <span class='ocrx_word' id='word_1_254' title='bbox 525 2591 592 2638; x_wconf 85' lang='lat' dir='ltr'><strong>bona</strong></span> <span class='ocrx_word' id='word_1_255' title='bbox 603 2590 695 2637; x_wconf 85' lang='lat' dir='ltr'><strong>fructus</strong></span> <span class='ocrx_word' id='word_1_256' title='bbox 706 2591 786 2637; x_wconf 89' lang='lat' dir='ltr'><strong>bonos</strong></span> <span class='ocrx_word' id='word_1_257' title='bbox 797 2589 872 2635; x_wconf 88' lang='lat' dir='ltr'><strong>sacit:</strong></span> <span class='ocrx_word' id='word_1_258' title='bbox 890 2587 956 2633; x_wconf 87' lang='lat' dir='ltr'><strong>mala</strong></span> 
     </span>
     <span class='ocr_line' id='line_1_35' title="bbox 66 2651 951 2719; baseline -0.01 -12"><span class='ocrx_word' id='word_1_259' title='bbox 66 2659 159 2707; x_wconf 86' lang='lat' dir='ltr'><strong>vivetis.</strong></span> <span class='ocrx_word' id='word_1_260' title='bbox 230 2657 386 2719; x_wconf 86' lang='lat' dir='ltr'><strong>Quicumque</strong></span> <span class='ocrx_word' id='word_1_261' title='bbox 428 2657 494 2705; x_wconf 88' lang='lat' dir='ltr'><strong>enim</strong></span> <span class='ocrx_word' id='word_1_262' title='bbox 527 2662 609 2703; x_wconf 88' lang='lat' dir='ltr'><strong>autem</strong></span> <span class='ocrx_word' id='word_1_263' title='bbox 619 2654 778 2702; x_wconf 88' lang='lat' dir='ltr'><strong>arbormalos</strong></span> <span class='ocrx_word' id='word_1_264' title='bbox 786 2653 878 2699; x_wconf 79' lang='lat' dir='ltr'><strong>fructus</strong></span> <span class='ocrx_word' id='word_1_265' title='bbox 887 2651 951 2698; x_wconf 81' lang='lat' dir='ltr'><strong>iacit.</strong></span> 
     </span>
     <span class='ocr_line' id='line_1_36' title="bbox 69 2715 955 2787; baseline -0.011 -16"><span class='ocrx_word' id='word_1_266' title='bbox 69 2725 162 2787; x_wconf 89' lang='lat' dir='ltr'><strong>Spiritu</strong></span> <span class='ocrx_word' id='word_1_267' title='bbox 186 2721 236 2770; x_wconf 90' lang='lat' dir='ltr'><strong>Dei</strong></span> <span class='ocrx_word' id='word_1_268' title='bbox 262 2729 374 2784; x_wconf 81' lang='lat' dir='ltr'><strong>aguntur,</strong></span> <span class='ocrx_word' id='word_1_269' title='bbox 399 2719 417 2767; x_wconf 91' lang='lat' dir='ltr'><strong>ii</strong></span> <span class='ocrx_word' id='word_1_270' title='bbox 439 2727 495 2767; x_wconf 92' lang='lat' dir='ltr'><strong>sunt</strong></span> <span class='ocrx_word' id='word_1_271' title='bbox 527 2719 587 2766; x_wconf 93' lang='lat' dir='ltr'><strong>Non</strong></span> <span class='ocrx_word' id='word_1_272' title='bbox 607 2726 688 2782; x_wconf 89' lang='lat' dir='ltr'><strong>potest</strong></span> <span class='ocrx_word' id='word_1_273' title='bbox 705 2719 778 2765; x_wconf 89' lang='lat' dir='ltr'><strong>arbor</strong></span> <span class='ocrx_word' id='word_1_274' title='bbox 793 2718 860 2764; x_wconf 85' lang='lat' dir='ltr'><strong>bona</strong></span> <span class='ocrx_word' id='word_1_275' title='bbox 876 2715 955 2762; x_wconf 90' lang='lat' dir='ltr'><strong>malos</strong></span> 
     </span>
     <span class='ocr_line' id='line_1_37' title="bbox 67 2779 956 2847; baseline -0.011 -11"><span class='ocrx_word' id='word_1_276' title='bbox 67 2787 110 2836; x_wconf 87' lang='lat' dir='ltr'><strong>filii</strong></span> <span class='ocrx_word' id='word_1_277' title='bbox 122 2788 179 2835; x_wconf 90' lang='lat' dir='ltr'><strong>Dei.</strong></span> <span class='ocrx_word' id='word_1_278' title='bbox 218 2786 278 2834; x_wconf 93' lang='lat' dir='ltr'><strong>Non</strong></span> <span class='ocrx_word' id='word_1_279' title='bbox 290 2785 356 2832; x_wconf 88' lang='lat' dir='ltr'><strong>enim</strong></span> <span class='ocrx_word' id='word_1_280' title='bbox 368 2785 496 2847; x_wconf 87' lang='lat' dir='ltr'><strong>accepistis</strong></span> <span class='ocrx_word' id='word_1_281' title='bbox 526 2783 618 2831; x_wconf 84' lang='lat' dir='ltr'><strong>fructus</strong></span> <span class='ocrx_word' id='word_1_282' title='bbox 643 2783 741 2830; x_wconf 80' lang='lat' dir='ltr'><strong>facere:</strong></span> <span class='ocrx_word' id='word_1_283' title='bbox 775 2796 855 2843; x_wconf 90' lang='lat' dir='ltr'><strong>neque</strong></span> <span class='ocrx_word' id='word_1_284' title='bbox 883 2779 956 2826; x_wconf 88' lang='lat' dir='ltr'><strong>arbor</strong></span> 
     </span>
     <span class='ocr_line' id='line_1_38' title="bbox 67 2843 951 2916; baseline -0.012 -15"><span class='ocrx_word' id='word_1_285' title='bbox 67 2853 181 2916; x_wconf 86' lang='lat' dir='ltr'><strong>spiritum</strong></span> <span class='ocrx_word' id='word_1_286' title='bbox 209 2849 331 2898; x_wconf 89' lang='lat' dir='ltr'><strong>servitutis</strong></span> <span class='ocrx_word' id='word_1_287' title='bbox 355 2850 443 2896; x_wconf 88' lang='lat' dir='ltr'><strong>iterum</strong></span> <span class='ocrx_word' id='word_1_288' title='bbox 470 2852 496 2895; x_wconf 89' lang='lat' dir='ltr'><strong>in</strong></span> <span class='ocrx_word' id='word_1_289' title='bbox 527 2847 594 2894; x_wconf 86' lang='lat' dir='ltr'><strong>mala</strong></span> <span class='ocrx_word' id='word_1_290' title='bbox 624 2849 704 2895; x_wconf 88' lang='lat' dir='ltr'><strong>bonos</strong></span> <span class='ocrx_word' id='word_1_291' title='bbox 739 2846 831 2893; x_wconf 88' lang='lat' dir='ltr'><strong>fructus</strong></span> <span class='ocrx_word' id='word_1_292' title='bbox 865 2843 951 2891; x_wconf 84' lang='lat' dir='ltr'><strong>facere.</strong></span> 
     </span>
     <span class='ocr_line' id='line_1_39' title="bbox 67 2907 955 2976; baseline -0.011 -12"><span class='ocrx_word' id='word_1_293' title='bbox 67 2917 162 2974; x_wconf 90' lang='lat' dir='ltr'><strong>timore,</strong></span> <span class='ocrx_word' id='word_1_294' title='bbox 176 2915 221 2963; x_wconf 92' lang='lat' dir='ltr'><strong>sed</strong></span> <span class='ocrx_word' id='word_1_295' title='bbox 238 2913 366 2976; x_wconf 90' lang='lat' dir='ltr'><strong>accepistis</strong></span> <span class='ocrx_word' id='word_1_296' title='bbox 383 2913 496 2975; x_wconf 88' lang='lat' dir='ltr'><strong>spiritum</strong></span> <span class='ocrx_word' id='word_1_297' title='bbox 529 2911 617 2959; x_wconf 91' lang='lat' dir='ltr'><strong>Omnis</strong></span> <span class='ocrx_word' id='word_1_298' title='bbox 640 2912 719 2968; x_wconf 83' lang='lat' dir='ltr'><strong>arbor,</strong></span> <span class='ocrx_word' id='word_1_299' title='bbox 745 2925 800 2973; x_wconf 85' lang='lat' dir='ltr'><strong>quae</strong></span> <span class='ocrx_word' id='word_1_300' title='bbox 824 2924 874 2955; x_wconf 91' lang='lat' dir='ltr'><strong>non</strong></span> <span class='ocrx_word' id='word_1_301' title='bbox 897 2907 955 2954; x_wconf 88' lang='lat' dir='ltr'><strong>facit</strong></span> 
     </span>
     <span class='ocr_line' id='line_1_40' title="bbox 68 2973 966 3044; baseline -0.012 -15"><span class='ocrx_word' id='word_1_302' title='bbox 68 2980 210 3044; x_wconf 89' lang='lat' dir='ltr'><strong>adoptionis</strong></span> <span class='ocrx_word' id='word_1_303' title='bbox 242 2977 356 3034; x_wconf 85' lang='lat' dir='ltr'><strong>filiorum,</strong></span> <span class='ocrx_word' id='word_1_304' title='bbox 391 2978 417 3024; x_wconf 93' lang='lat' dir='ltr'><strong>in</strong></span> <span class='ocrx_word' id='word_1_305' title='bbox 446 2992 496 3039; x_wconf 88' lang='lat' dir='ltr'><strong>quo</strong></span> <span class='ocrx_word' id='word_1_306' title='bbox 528 2976 636 3024; x_wconf 78' lang='lat' dir='ltr'><strong>fructum</strong></span> <span class='ocrx_word' id='word_1_307' title='bbox 653 2975 759 3036; x_wconf 86' lang='lat' dir='ltr'><strong>bonnm,</strong></span> <span class='ocrx_word' id='word_1_308' title='bbox 781 2973 920 3030; x_wconf 70' lang='lat' dir='ltr'><strong>excidetur,</strong></span> <span class='ocrx_word' id='word_1_309' title='bbox 939 2982 966 3019; x_wconf 73' lang='lat' dir='ltr'><strong>et</strong></span> 
     </span>
    </p>
   </div>
   <div class='ocr_carea' id='block_1_10' title="bbox 69 3039 981 3148">
    <p class='ocr_par' dir='ltr' id='par_1_11' title="bbox 69 3039 981 3148">
     <span class='ocr_line' id='line_1_41' title="bbox 69 3039 981 3148; baseline -0.008 -58"><span class='ocrx_word' id='word_1_310' title='bbox 69 3041 311 3148; x_wconf 49' lang='lat' dir='ltr'><strong>clanpzipusfflbba</strong></span> <span class='ocrx_word' id='word_1_311' title='bbox 322 3041 401 3089; x_wconf 84' lang='lat' dir='ltr'><strong>Pater.</strong></span> <span class='ocrx_word' id='word_1_312' title='bbox 432 3042 494 3106; x_wconf 84' lang='lat' dir='ltr'><strong>lpse</strong></span> <span class='ocrx_word' id='word_1_313' title='bbox 523 3042 653 3110; x_wconf 83' lang='lat' dir='ltr'><strong>inignem</strong></span> <span class='ocrx_word' id='word_1_314' title='bbox 671 3043 800 3094; x_wconf 86' lang='lat' dir='ltr'><strong>mittetur.</strong></span> <span class='ocrx_word' id='word_1_315' title='bbox 841 3039 928 3102; x_wconf 66' lang='lat' dir='ltr'><strong>igitur</strong></span> <span class='ocrx_word' id='word_1_316' title='bbox 948 3052 981 3084; x_wconf 65' lang='lat' dir='ltr'><strong>eit</strong></span> 
     </span>
    </p>
   </div>
   <div class='ocr_carea' id='block_1_11' title="bbox 0 0 1066 3532">
    <p class='ocr_par' dir='ltr' id='par_1_12' title="bbox 0 0 1066 3532">
     <span class='ocr_line' id='line_1_42' title="bbox 0 0 1066 3532; baseline 0 0"><span class='ocrx_word' id='word_1_317' title='bbox 0 0 1066 3532; x_wconf 95' lang='lat' dir='ltr'><strong> </strong></span> 
     </span>
    </p>
   </div>
  </div>
 </body>
</html>
