2100 3524
122 247 158 304 in
174 248 224 304 Bit
241 247 351 305 ennium
370 248 533 305 zendatum.

46 410 89 453 unt
96 404 188 464 Deum,
199 403 321 453 dicentes:
354 410 379 452 et
400 402 487 453 sitiunt
502 402 639 468 justitiam:
663 404 780 468 quoniam

46 468 166 527 nedictio,
177 475 203 517 et
211 467 319 529 claritas,
353 468 401 532 ipsi
412 468 592 517 saturabuntur.
629 467 700 517 Beati
708 469 780 518 mise-

46 571 53 594 ,
68 539 93 583 et
103 532 318 597 gratiarumactio,
352 533 477 582 ricordes:
493 532 612 597 quoniam
623 532 671 596 ipsi
687 532 780 582 miseri·

47 598 135 658 virtus,
154 604 180 646 et
201 597 322 647 fortitudo
353 597 464 646 cordiam
481 604 668 662 consequentur.
709 596 780 646 Beati

46 679 64 721 r,
86 663 114 710 in
136 661 228 711 saecula
245 677 321 711 saecu·
352 660 447 710 mundo
468 661 557 710 corde:
586 661 705 726 quoniam
733 661 780 725 ipsi

46 742 105 776 nen.
353 725 436 774 Deum
458 725 584 774 videbunt.
621 726 692 774 Beati
713 727 779 790 paci·

352 789 408 839 fici:
435 790 553 854 quoniam
575 789 619 838 filii
640 790 689 839 Dei
707 805 779 839 voca·

46 868 188 935 langtltttttt.
351 854 449 903 buntur.
477 855 557 930 'Beati
573 854 616 918 qui
632 855 780 930 persecutiq-

52 958 161 1006 Mav·
176 970 196 1006 1-
351 925 780 1047 &retentarent

46 1045 60 1092 i
65 1044 83 1094 S
119 1045 191 1108 Jesus
224 1045 317 1102 turbas,
351 1063 454 1110 regnum
471 1047 597 1096 coelorum.
635 1047 706 1096 Beati
722 1049 780 1096 estis

46 1110 99 1158 ndit
112 1109 140 1158 in
150 1115 263 1158 montem
269 1128 278 1172 ;
295 1117 320 1159 et
351 1127 407 1160 cum
418 1111 590 1160 maledixerint
596 1112 675 1170 vobis,
690 1120 714 1160 et
725 1128 779 1176 per·

48 1182 81 1234 et,
106 1180 260 1224 accesserunt
287 1174 320 1222 ad
351 1176 428 1225 secuti
448 1192 494 1225 vos
515 1175 612 1234 fuerint,
632 1182 656 1225 et
674 1176 779 1224 dixerint

46 1240 74 1288 111
85 1237 152 1302 ejus:
169 1246 194 1287 et
206 1238 319 1302 aperiens
351 1255 425 1289 omne
454 1240 548 1288 malum
577 1240 707 1289 adversum
735 1257 780 1289 vos

46 1303 142 1353 iocebat
155 1318 206 1362 eos,
220 1303 319 1352 dicens:
350 1305 505 1366 mentientes,
524 1311 626 1368 propter
641 1320 697 1353 me:
720 1321 778 1368 gau·

46 1384 106 1417 »eres
128 1367 231 1432 spiritur
257 1382 319 1432 quo·
351 1369 415 1428 dete,
448 1376 472 1418 et
504 1369 631 1428 exsultate,
661 1371 778 1434 quoniam

46 1448 78 1482 un
95 1439 133 1481 est
148 1447 253 1496 regnum
269 1447 318 1480 coe·
350 1449 444 1483 merces
465 1441 548 1483 vestra
569 1434 671 1497 copiosa
693 1441 731 1482 est
752 1434 778 1482 in

46 1497 85 1545 eati
96 1496 184 1546 mites:
200 1496 319 1562 quoniam
351 1498 436 1558 coelis;
452 1498 488 1547 sic
498 1499 566 1548 enim
584 1497 705 1562 persecuti
722 1505 779 1546 sunt

46 1562 110 1611 bunt
120 1568 218 1636 terram.
247 1561 318 1610 Beati
350 1562 492 1626 prophetas,
521 1562 564 1628 qui
592 1562 690 1611 fuerunt
720 1570 778 1611 ante

59 1641 178 1690 quoniam
194 1625 242 1688 rpsi
258 1641 315 1674 con·
349 1642 400 1675 vos.

77 1690 148 1738 Beati
158 1690 201 1755 qui
209 1691 317 1738 esuriunt
