2100 3524
107 259 170 309 Dies
186 259 213 309 V.
505 253 620 321 ibadam.
863 252 879 300 Α

146 398 188 446 Ne
197 397 287 461 perdas
296 413 352 445 cum
362 394 453 460 impiis,
466 394 545 452 DeuS,
580 394 720 444 bemaculo
728 393 779 457 ejus
785 391 882 441 hostiam

114 464 224 512 animam
241 479 324 511 meam
343 480 349 511 ι
370 469 469 510 etcum
488 460 548 509 viris
581 459 677 508 tionis:
689 459 794 508 cantabo
806 453 882 520 etpsrli

114 529 264 591 sanguinum
276 528 354 576 vitam
365 543 447 575 meam
459 544 464 574 :
581 541 637 574 cam
651 526 771 574 Domino.

148 595 180 642 In
199 609 306 656 quoium
323 592 437 640 manibus
457 590 548 655 iniqui·
616 591 725 649 Exaudi,
769 587 867 642 Domine

114 667 178 708 tates
195 666 252 708 sunt
268 676 273 706 :
291 659 393 706 dextera
409 673 496 706 eorum
511 672 549 704 re·
581 671 675 715 meam,
690 671 741 719 qua
752 648 876 703 clamaiiad

115 725 183 788 pleta
195 732 231 772 est
243 723 393 771 muneribus.
582 737 665 770 serere
676 721 734 778 mei,
749 728 773 768 et
784 716 858 767 exaudi
867 729 882 760 m

149 791 205 853 Ego
217 797 299 837 autem
309 788 336 836 in
343 786 486 837 innocentia
493 803 551 836 mea
616 786 677 834 Tibi
694 785 757 834 dixit
768 801 808 832 cor
820 794 882 830 meum

116 855 239 918 ingressus
257 869 312 902 sum
328 871 334 902 :
351 853 446 902 redime
460 868 509 911 me,
525 859 550 900 et
582 851 640 900 sivit
670 858 696 900 te
718 851 791 899 iacies
811 861 880 896 mea:

116 919 300 968 misereremei.
582 924 662 975 tuam,
679 915 795 975 Domine,
808 911 882 976 require

150 985 197 1033 Pes
209 1000 279 1032 meus
288 984 356 1032 stetit
365 984 390 1032 in
399 983 494 1031 directo
506 1001 511 1030 :
524 982 551 1030 in
617 981 660 1030 Ne
683 989 779 1029 avertas
799 979 871 1027 satiem

117 1049 420 1108 ecclesiisbenedicamte,
429 1048 547 1096 Domine.
583 1062 626 1095 me
641 1064 647 1095 :
665 1063 698 1096 ne
709 1045 815 1095 declines
828 1041 882 1091 inin

584 1119 636 1161 tuo.

313 1205 354 1260 a
371 1204 504 1272 aare·
584 1177 882 1307 feretranam

204 1331 334 1378 Psarnus
352 1328 466 1378 XXVII,
584 1323 634 1365 me,
649 1308 721 1356 Deus
732 1305 839 1356 salutaris
848 1315 882 1350 met

620 1373 747 1435 Quoniam
759 1379 827 1436 pater
835 1380 882 1415 meu

189 1433 356 1484 OMINUS
401 1433 552 1482 illuminatio
585 1445 695 1496 termea,
703 1438 882 1501 dereliquerunt!

217 1515 274 1547 mea
297 1517 303 1547 ε
332 1507 356 1547 et
384 1499 450 1547 salus
476 1515 552 1559 mea;
585 1503 668 1551 minus
680 1512 763 1552 autem
775 1495 882 1561 assumpsit

119 1581 194 1630 quem
206 1564 321 1612 timebo?
619 1569 714 1632 Legem
732 1584 797 1631 poue
811 1560 882 1619 milri,⁴

153 1630 278 1679 Dominus
286 1629 552 1692 protectorvitaemeae:
585 1633 612 1681 in
624 1634 665 1681 via
677 1640 721 1681 tua
736 1649 741 1682 :
760 1641 784 1682 et
800 1631 882 1692 diriget

120 1712 136 1744 a
147 1712 197 1760 quo
206 1695 356 1758 trepidabo?
585 1699 674 1746 mitam
683 1707 784 1757 rectam,
794 1704 880 1762 propter

154 1762 224 1809 Dum
244 1760 395 1823 appropiant
417 1775 492 1822 super
512 1776 553 1807 me
585 1779 662 1812 meos.

120 1833 237 1875 nocentes
247 1844 252 1872 :
261 1834 288 1872 ut
298 1826 372 1872 edant
381 1841 466 1872 carnes
474 1841 553 1883 meas3
620 1829 661 1876 Ne
679 1829 808 1877 tradideris
824 1841 858 1873 mc
872 1822 882 1868 ir

154 1892 204 1954 Qui
212 1891 378 1939 tribulantme
386 1891 479 1937 inimici
489 1891 552 1937 mei:
586 1894 760 1942 tribulantium
778 1910 824 1949 me,
841 1904 881 1952 quo

120 1958 167 2021 ipsi
191 1956 307 2004 infirmati
331 1964 388 2003 sunt
411 1962 435 2003 et
459 1956 552 2003 cecide·
586 1970 743 2007 surrexerunt
756 1960 781 2007 iu
791 1975 828 2006 me
837 1966 882 2002 ton

121 2031 185 2071 runt.
586 2033 610 2072 et
622 2026 728 2071 mentita
740 2036 776 2072 est
790 2023 881 2086 miquo

155 2089 182 2137 Si
204 2089 340 2136 consistant
361 2086 492 2133 adversum
512 2102 553 2133 me
621 2090 704 2137 Credo
716 2091 800 2138 ridere
816 2090 873 2134 lxma

122 2161 202 2202 castra
215 2171 220 2200 ι
233 2170 282 2201 non
295 2153 392 2201 timebit
406 2168 550 2199 cormeum.
587 2155 613 2201 in
625 2163 689 2201 terra
702 2156 843 2203 virentium.

155 2220 183 2267 Si
212 2228 325 2281 exsurgat
355 2218 485 2264 adversum
513 2233 554 2264 me
620 2220 746 2282 Exspecta
760 2221 882 2267 llonrinuu·

122 2284 235 2347 praelium
249 2302 254 2331 z
267 2285 292 2331 in
304 2284 353 2331 hoc
365 2299 411 2344 ego
424 2282 536 2344 sperabo.
586 2301 632 2347 age
649 2304 654 2332 :
673 2296 697 2332 ct
710 2287 861 2333 confortetur
874 2299 882 2329 t

157 2350 241 2398 Unam
254 2350 314 2412 petii
327 2364 341 2395 a
354 2349 473 2405 Domino,
488 2348 553 2394 hanc
586 2359 611 2397 et
623 2351 717 2399 sustine
731 2352 871 2399 Dominum.

122 2415 245 2478 requiram
255 2434 259 2461 :
270 2414 438 2461 utiulmbitem
445 2413 468 2459 in
477 2413 553 2459 domo

122 2480 227 2527 Domini
250 2480 366 2526 omnibus
389 2478 476 2525 diebus
495 2479 553 2525 rita*
664 2507 796 2553 Pfflm
817 2505 882 2554 ω·

122 2561 192 2593 mem.

157 2611 192 2659 Ut
210 2610 308 2658 videam
326 2609 479 2671 voluptatem
501 2608 553 2654 Do·
603 2658 607 2673 Ι
648 2609 673 2654 D
694 2617 726 2665 te,
750 2609 865 2658 Domine.

124 2675 184 2722 mini
196 2695 202 2723 τ
212 2684 236 2723 et
249 2676 345 2723 visitem
358 2673 479 2735 templum
491 2673 550 2734 ejus.
683 2674 752 2720 Deus
771 2691 849 2723 meus.
869 2690 882 2719 n

156 2741 283 2801 Quoniam
312 2739 440 2786 abscondit
465 2755 505 2785 me
529 2739 554 2785 in
588 2754 646 2785 me:
663 2740 882 2801 nequandotace

123 2803 553 2853 tabernaculosuoindicinalorum:
587 2803 746 2850 assimilabor
769 2805 882 2852 ‹lescen-t

124 2872 230 2934 protexit
239 2887 278 2917 me
286 2869 466 2918 inabscondito
474 2869 553 2916 taber·
587 2869 677 2915 lacum.

123 2936 205 2982 naculi
217 2935 261 2982 sni.
621 2934 726 2989 lixaudi,
744 2935 863 2985 Ilnrninc.
879 2952 882 2963 ¹

156 3001 187 3047 In
210 3010 280 3062 petra
300 2999 416 3046 exaltavit
440 3015 480 3046 me
501 3017 506 3045 :
524 3007 553 3045 -et
588 3000 738 3061 precationis
763 3017 826 3048 met·
850 3002 881 3046 du

123 3080 189 3112 nunc
205 3064 321 3112 exaltavit
334 3074 408 3127 caput
421 3080 503 3112 meum
516 3081 553 3111 su·
588 3075 611 3111 te
624 3083 628 3110 :
642 3065 701 3111 duur
712 3066 808 3112 extollo
820 3084 882 3113 num:

122 3145 166 3193 per
178 3129 292 3177 inimicos
304 3145 379 3177 meos.
588 3130 709 3192 templum
722 3144 839 3178 sanctuni
852 3145 882 3178 tu·

156 3194 273 3251 Circuivi‚
288 3202 311 3242 et
330 3194 456 3241 immolari
475 3195 500 3242 in
518 3202 553 3241 ta·
621 3196 744 3242 Nesimul
757 3197 842 3243 traha
854 3215 882 3244 un

186 3271 237 3324 230
