2100 3524
116 253 223 302 Diesll.
512 250 625 318 ipsulm.
873 253 889 300 ,t

145 392 176 442 In
204 393 294 458 laqueo
328 411 373 443 suo
401 394 544 443 humiliabit
611 391 740 441 Dominus
762 387 883 452 intemplo

113 474 171 506 eum
192 477 197 507 :
217 460 347 508 inclinabit
370 477 403 519 se,
425 468 449 509 et
472 462 544 509 cadet
577 472 624 506 suo
644 475 650 506 ε
674 457 798 507 Dominus
814 456 837 504 iu
850 453 890 502 coelt

113 540 170 572 cum
192 525 334 573 dominatus
356 525 429 575 fuerit
451 542 544 590 paupe·
576 522 637 586 ejus.

112 605 174 637 rum.
611 587 689 637 Oculi
698 587 890 656 ejusinpaupere

147 655 218 702 Dixit
241 656 308 703 enim
334 655 361 703 in
384 656 459 704 corde
481 672 544 716 suo;
578 653 647 701 ciunt
669 671 675 702 :
696 653 820 717 palpebrae
835 651 890 713 ejusr

114 719 214 767 Oblitus
232 729 268 768 est
286 721 355 769 Deus
377 739 383 769 τ
404 722 492 770 avertit
509 722 543 768 sa·
577 726 639 782 gant
651 718 718 766 filios
729 718 856 766 hominum

114 785 177 832 ciem
189 801 259 832 suam
271 802 303 834 ne
314 786 397 834 videat
410 787 435 834 in
448 786 529 835 finem.
612 784 739 832 Dominus
761 784 878 844 interrogat

147 851 265 913 Exsurge,
285 851 395 900 Domine
413 853 489 910 Deus,
504 868 544 900 ex·
579 855 603 896 et
621 849 728 912 impium
749 848 813 912 :qui
829 856 890 894 autem

113 914 203 962 altetur
214 932 301 963 manus
315 925 357 964 tua
378 935 384 965 z
401 933 433 965 ne
444 917 545 966 oblivis·
578 914 745 978 iniquitatem,
753 912 890 961 oditanimn

113 980 175 1027 caris
188 997 332 1044 pauperum.
613 979 687 1027 Pluet
710 995 783 1043 super
807 983 890 1043 pecoett

147 1046 252 1109 Propter
263 1047 324 1110 quid
339 1047 443 1096 irritavit
455 1047 546 1111 impius
579 1060 658 1108 queos
681 1063 687 1092 :
711 1045 782 1107 ignis,
804 1051 827 1091 et
846 1039 889 1102 sulp

115 1110 218 1158 Deum?
245 1112 307 1159 dixit
330 1113 397 1160 enim
422 1114 448 1160 in
472 1114 547 1162 eorde
579 1109 681 1172 spiritus
698 1109 890 1173 procellarump

113 1191 166 1234 suo,
183 1177 242 1223 Non
254 1178 367 1241 requiret.
579 1174 615 1223 cis
628 1191 722 1223 eorum.

147 1241 224 1289 Vides
232 1259 239 1301 ;
257 1243 376 1305 quoniam
391 1251 418 1291 tu
433 1243 546 1292 laborem
613 1240 742 1302 Quoniam
757 1239 834 1302 justus
847 1236 890 1284 Don

114 1313 138 1353 et
150 1306 262 1354 dolorem
275 1308 416 1356 consideras
435 1327 441 1357 :
459 1318 486 1357 ut
498 1317 545 1356 tra·
576 1304 686 1368 justitias
721 1305 807 1353 dilexit
833 1321 839 1351 :
861 1314 890 1363 πί]

113 1372 158 1419 das
170 1387 212 1419 eos
224 1373 250 1419 in
262 1388 349 1421 manus
361 1380 422 1422 tuas.
579 1370 643 1418 vidit
654 1371 738 1419 vultus
749 1370 809 1434 ejus.

147 1437 205 1484 Tibi
223 1437 354 1486 derelictus
372 1446 408 1487 est
424 1455 519 1503 pauper
540 1457 546 1488 :

115 1502 227 1565 orphano
241 1510 267 1550 tu
280 1503 326 1550 eris
339 1504 443 1566 adjutor.
638 1503 708 1552 DIES
722 1504 756 1554 II.
789 1501 890 1566 enfin

148 1567 256 1615 Contere
268 1569 397 1617 brachium
409 1570 546 1633 peccatoris

116 1639 139 1680 et
147 1632 250 1695 maligni
266 1643 407 1697 :quaeretur
416 1643 546 1698 peccatum
691 1612 822 1660 PSALMUS
838 1605 890 1657 ΧΠ·

114 1697 188 1756 illius,
203 1706 227 1745 et
239 1713 290 1746 non
302 1700 447 1749 invenietur.
638 1703 771 1752 ALVUM
784 1718 823 1750 me
834 1696 890 1756 saul

150 1763 272 1810 Dominus
296 1765 408 1826 regnabit
430 1767 456 1812 in
477 1776 547 1814 aeter·
661 1769 780 1831 quoniam
793 1765 890 1815 deiecits

116 1844 183 1884 num,
207 1837 231 1875 et
254 1829 279 1875 in
300 1830 416 1877 saeculum
437 1832 520 1879 saeculi
542 1851 547 1879 :
581 1834 700 1897 quoniam
724 1834 850 1880 diminuta*
869 1845 890 1875 >u

117 1894 228 1956 peribitis
239 1904 325 1956 gentes
337 1896 368 1942 de
381 1905 444 1943 terra
456 1898 529 1945 iliius.
582 1909 645 1946 tates
657 1915 672 1946 a
683 1899 742 1945 tiliis
754 1899 881 1946 hominum.

151 1959 307 2006 Desiderium
325 1977 462 2023 pauperum
475 1978 548 2009 exuu-
615 1965 688 2010 Vana
698 1964 774 2011 locuti
783 1974 837 2010 sunt
846 1976 890 2008 unu

117 2024 178 2070 divit
188 2025 310 2072 Dominus
324 2027 549 2089 :praeparationem
582 2030 613 2077 ad
626 2029 768 2092 proximum
781 2045 849 2076 suum
866 2045 870 2071 ι
885 2024 889 2069 ἶ

118 2089 198 2136 cordis
211 2106 296 2136 eorum
309 2092 402 2140 audiuit
419 2093 483 2140 auris
496 2102 545 2140 tua.
582 2096 642 2152 losa,
664 2095 689 2141 in
710 2095 787 2142 corde
806 2104 829 2141 et
846 2088 890 2140 con⁴

149 2154 265 2217 Judicnre
282 2157 379 2218 pupiilo
397 2165 420 2204 et
438 2157 526 2204 humili
544 2176 550 2205 τ
583 2168 646 2208 sunt.

118 2226 145 2267 ut
169 2236 218 2266 non
239 2230 349 2283 apponat
368 2223 432 2269 ultra
455 2224 550 2284 magni·
617 2225 753 2288 Disperdat
768 2223 883 2271 Dominu'

119 2285 192 2333 ficare
204 2302 229 2333 se
241 2286 317 2333 homo
329 2304 403 2350 super
415 2297 512 2335 terram.
583 2290 650 2337 labia
660 2289 749 2337 dolosa
768 2308 774 2336 :
792 2297 816 2336 ct
829 2289 890 2348 linga*

400 2395 408 2409 ,
584 2356 721 2403 nilocuam.

236 2393 366 2440 Pffifflb
385 2395 432 2442 M·
619 2372 668 2481 Qiti
687 2420 811 2475 dixerunt,
827 2418 890 2477 Imp

127 2477 185 2599 IN
211 2484 321 2531 Domino
345 2484 443 2532 confido
465 2503 471 2532 :
491 2501 552 2547 quo·
585 2494 648 2533 trmn
677 2484 886 2547 magnificabimm

193 2550 268 2596 modo
281 2550 361 2597 dicitis
377 2550 467 2596 animm
479 2567 549 2607 meae,
585 2559 669 2597 nostra
679 2566 693 2596 a
703 2551 776 2597 nobi>¹
788 2561 842 2596 >unt
852 2566 856 2595 :
868 2562 890 2608 qt

121 2614 282 2677 Transmigra
310 2616 333 2661 in
358 2624 467 2662 montem
491 2616 553 2662 sicut
587 2616 780 2663 Dominusest?

121 2681 223 2743 passer?
621 2681 725 2743 Propter
735 2681 857 2727 miserium
870 2678 888 2722 iu

155 2745 280 2806 Quoniam
294 2762 350 2792 ecce
362 2755 504 2808 peccatores
516 2746 553 2792 in·
586 2746 706 2809 gemitum
720 2761 856 2808 pauperum
875 2761 879 2787 :

122 2812 252 2857 tenderunt
276 2828 376 2869 arcum3
404 2819 550 2874 paraverunt
585 2827 692 2872 surgam,
708 2811 768 2858 ‹iieit
784 2810 886 2856 ltoiniun

120 2876 222 2937 sagittus
240 2892 295 2922 snas
317 2878 340 2923 in
362 2877 476 2940 pharetra
498 2894 503 2923 :
525 2886 550 2923 ut
620 2878 716 2923 Ponam
730 2876 755 2922 iu
768 2875 882 2922 mittini:

121 2941 238 3002 sagittent
274 2942 298 2988 in
333 2942 438 2989 obscuro
472 2952 552 2989 rectos
587 2942 797 3003 teragatnineo.

120 3006 202 3053 corde.
621 3007 729 3069 illituum
770 3004 878 3053 Domini,

155 3071 281 3132 Quoniam
299 3088 354 3134 qua·
372 3072 494 3135 perfecisti
511 3072 553 3118 de-
587 3083 669 3126 casim
696 3081 826 3133 argeutum
850 3070 890 3130 ign

121 3145 260 3184 stiuxerunt
280 3137 382 3199 :justus
398 3147 481 3185 autern
493 3138 553 3201 quid
589 3149 673 3184 uanum
696 3155 700 3183 :
719 3138 852 3199 probatum
869 3146 888 3180 ῐι

121 3202 198 3250 fecit?
588 3212 673 3265 gutum
686 3202 837 3266 septuplum.

184 3281 235 3319 220
