2100 3524
436 258 477 320 Qu
496 250 646 318 {tutorem

65 408 175 454 nostrae
189 399 326 466 educatis,
339 399 521 470 quotidianas
538 400 678 454 Ecclesiae
690 401 829 470 psallendi
842 410 870 455 et
883 403 984 456 orandi

12 498 15 503 '
63 495 213 563 formulas,
231 495 261 548 in
279 495 407 564 linguam
426 505 468 548 tot
490 513 540 565 por
559 495 665 550 saecula
684 497 760 565 apud
781 497 983 553 Occidentales

64 591 214 660 vigentem
231 590 367 657 redditaS,
379 591 513 644 manibus
526 608 646 653 versare.
686 591 805 645 Gratum
822 592 910 645 etiam
924 592 984 648 fore

65 687 232 756 putavimus
251 703 285 739 ea
303 685 366 755 ipsa
385 687 480 753 verba,
502 685 541 754 (id
561 685 638 756 quod
659 686 788 756 plurimis
808 688 837 739 in
856 687 984 743 formulis

64 780 192 848 accidit)
205 790 271 834 ante
285 780 382 834 oculos
395 781 500 834 habere
511 798 584 850 quae,
594 799 612 833 a
626 782 799 835 Doctoribus
810 783 984 852 clarissimis,

65 878 177 948 (quales
194 876 272 930 suere
292 878 349 930 Leo
368 877 415 930 ille
435 877 568 946 Magnus
584 878 767 947 Evangelicae
780 879 907 934 veritatis
920 898 984 949 pro-

63 983 209 1043 pugnator
222 972 346 1038 illustris,
360 983 387 1026 et
406 973 567 1042 Gregorius,
583 973 707 1042 Magnus
725 982 752 1028 et
768 974 837 1045 ipse,
851 976 900 1045 qui
914 993 983 1044 gen-

62 1080 124 1123 tem
146 1069 305 1138 Anglorum
327 1068 441 1122 Christo
462 1069 657 1139 mancipavit,)
680 1070 818 1139 originem
840 1071 983 1139 ducentia,

61 1165 295 1218 antecessoribus
314 1164 427 1232 nostris,
442 1164 529 1218 Bedae
544 1165 716 1232 Venerabili,
729 1165 858 1219 AElfredo
873 1168 982 1235 Magno

60 1260 132 1329 regi,
147 1259 254 1313 sanctis
274 1259 416 1329 episcopis
436 1260 586 1314 Osmundo
607 1269 634 1314 et
652 1261 799 1329 Anselmo,
816 1263 983 1332 caeterisque

61 1357 156 1410 multa
168 1373 218 1425 per
232 1356 345 1424 saecula,
355 1356 385 1409 in
398 1356 446 1426 pio
459 1374 524 1410 cum
535 1355 615 1410 coelis
626 1357 797 1411 commercio
807 1359 886 1412 cordi
896 1359 980 1412 fuere.

100 1566 256 1634 Speremus
267 1565 354 1618 etiam
363 1565 417 1618 hoc
428 1582 500 1635 opus
508 1575 645 1632 nostrum,
657 1566 680 1619 si
690 1583 811 1636 quorum
821 1567 981 1621 doctiorum

61 1661 92 1714 in
106 1677 210 1713 manus
223 1660 331 1714 venerit
347 1660 581 1728 Christianorum,
596 1671 644 1714 aut
663 1679 697 1714 ex
716 1661 756 1714 eis
776 1662 823 1731 qui
842 1663 981 1718 Ecclesiae
1042 1665 1043 1668 ’

61 1759 108 1811 vel
123 1756 234 1810 Latinae
247 1757 292 1809 vel
307 1755 446 1810 Orientali
466 1756 610 1825 aggregati
629 1765 703 1823 sunt,
717 1766 765 1810 aut
784 1774 817 1810 ex
836 1758 907 1825 aliis,
921 1759 982 1828 qui-

59 1869 175 1922 cunque
188 1852 253 1919 sint,
267 1851 315 1922 qui
331 1852 347 1907 ‘.‘
356 1861 471 1905 aeternae
484 1852 632 1906 Trinitatis
645 1852 766 1920 gloriam
781 1864 940 1920 agnoscunt
954 1864 981 1908 et

61 1951 91 2003 in
106 1948 237 2018 potentia
252 1947 413 2016 Majestatis
432 1948 553 2001 adorant
569 1947 740 2015 Unitatem,”
754 1949 801 2017 qui
816 1949 831 1974 “
843 1950 980 2017 Unigeni-

59 2055 124 2098 tum
140 2042 195 2097 Dei
211 2043 314 2096 Filium
325 2043 354 2096 in
367 2043 485 2096 veritate
494 2043 583 2096 nostri
594 2042 719 2112 corporis
730 2052 829 2096 natum
839 2044 875 2097 de
887 2045 980 2098 Matre

57 2140 179 2209 Virgine
199 2139 392 2206 confitentur,''
409 2139 547 2192 veriorem
567 2139 706 2192 Ecclesiae
724 2139 893 2207 Anglicanae
910 2140 980 2193 ima-

60 2237 159 2305 ginem
174 2252 271 2288 eorum
282 2234 413 2288 charitati
425 2235 586 2288 oblaturum
600 2252 670 2302 esse,
679 2245 706 2288 et
719 2235 980 2289 demonstraturum

58 2349 126 2385 eam
139 2339 201 2383 tum
216 2330 317 2383 Fidem
327 2347 392 2383 vere
404 2329 591 2397 Catholicam,
601 2339 662 2383 tum
673 2331 799 2398 regimen
809 2348 875 2384 vere
887 2333 979 2401 Apos-

58 2427 180 2480 tolicum
193 2434 220 2478 et
233 2425 417 2495 primitivum,
432 2425 550 2478 fideliter
564 2442 756 2479 conservasse.

99 2623 273 2676 Misereatur
296 2623 383 2689 Deus,
403 2639 559 2691 precamur,
578 2621 718 2675 universae
741 2623 879 2676 Ecclesiae
900 2641 959 2677 suae
970 2644 977 2688 ;

61 2729 87 2773 et
101 2719 192 2786 omni,
205 2719 472 2788 quantuluscunque
490 2717 534 2784 sit,
547 2717 640 2770 faveat
657 2719 780 2785 conatui,
794 2720 841 2788 qui
854 2718 978 2794 faustum

60 2816 140 2868 illum
160 2814 328 2883 felicemque
347 2813 431 2880 diem,
445 2822 486 2866 tot
500 2814 582 2879 votis,
596 2822 637 2866 tot
658 2813 785 2883 suspiriis
805 2825 977 2884 exoptatum.

58 2922 203 2964 maturare
216 2909 315 2979 possit,
325 2927 389 2962 cum
403 2909 504 2961 iterum
514 2909 612 2961 fideles
626 2910 712 2962 totius
724 2909 810 2963 Orbis
822 2910 976 2962 Christiani

59 3008 152 3060 “cum
172 3005 251 3059 omni
270 3005 429 3058 humilitate
449 3013 476 3057 et
495 3005 722 3073 mansuetudine,
742 3022 807 3058 cum
829 3006 975 3075 patientia,

58 3109 261 3173 supportantes
283 3100 406 3154 invicem
428 3100 457 3152 in
478 3100 624 3167 charitate,
648 3101 761 3154 solliciti
786 3100 842 3155 sint
865 3119 976 3154 servare

58 3199 200 3279 unitatem
215 3196 337 3267 Spiritus
350 3196 380 3248 in
391 3196 505 3250 vinculo
518 3196 622 3268 pacis.”

68 3314 72 3322 ,
125 3285 159 3317 Vll
