2116 3532
11 86 21 93 ’
71 119 130 168 nra
141 119 207 168 rr.

75 258 187 309 fundasti
214 278 221 309 ε
243 268 269 310 et
291 277 367 325 opera
390 278 508 310 manuum

76 334 176 374 tuarum
188 335 245 375 sunt
258 326 321 375 coeli

107 391 162 454 Ipsi
179 392 304 454 peribunt,
319 401 346 440 tu
357 398 441 442 autem
453 409 508 457 per-

74 470 162 504 manes
183 464 230 505 :et
249 473 335 505 omnes
353 458 416 506 sicut
435 459 508 507 vesti·

74 529 190 570 mentum
202 530 361 572 veterascent.

107 587 142 634 Et
154 587 218 634 sicut
230 588 383 650 opertorium
400 589 508 638 mutabis

72 666 124 711 eos,
139 659 166 699 et
182 653 364 702 mutabuntur:
380 662 407 702 tu
424 663 508 702 autern

72 716 142 765 idern
162 717 216 780 ipse
234 734 268 777 es,
283 727 307 766 et
327 719 386 767 anni
403 720 440 768 tui
456 736 508 768 non

72 780 198 830 deficient.

106 847 167 895 Filii
183 864 310 897 servorum
322 858 421 898 tuorum
437 850 507 898 habi-

71 913 162 961 tabunt
178 931 183 961 :
196 921 219 961 et
231 930 316 963 semen
328 931 413 964 eorum
425 915 451 963 in
462 932 507 964 sae-

71 977 159 1026 culum
170 979 297 1042 dirigetur.

181 1143 311 1191 Psnnnus
324 1143 397 1193 CIII.

131 1245 280 1306 ENEDIC,
288 1247 372 1295 anima
380 1263 442 1306 mea,
452 1248 505 1296 Do-

165 1311 234 1359 mino
248 1330 253 1359 :
266 1321 291 1360 et
304 1313 389 1360 omnia
400 1329 456 1377 quae
468 1313 504 1361 in·

69 1383 108 1424 tra
136 1391 177 1424 me
199 1384 264 1437 sunt,
290 1377 396 1426 Nomini
419 1388 505 1427 sancto

71 1441 134 1504 ejus.

104 1505 222 1565 Benedic,
248 1507 332 1555 anima
360 1524 424 1568 mea,
451 1509 503 1557 Do·

70 1571 163 1619 mino:
180 1579 204 1619 et
219 1572 270 1620 noli
286 1572 400 1621 oblivisci
417 1590 504 1623 omnes

71 1637 248 1685 retributiones
261 1637 319 1700 ejus.

104 1702 156 1764 Qui
168 1702 318 1766 propitiatur
329 1703 446 1752 omnibus
457 1704 503 1752 ini·

69 1767 207 1832 quitatibus
220 1769 267 1816 tuis
283 1787 289 1816 :
305 1769 348 1832 qui
364 1779 433 1818 sanat
450 1786 503 1818 om-

70 1848 115 1881 nes
128 1831 284 1881 infirmitates
297 1842 358 1882 tuas.

103 1898 154 1960 Qui
166 1898 265 1946 redimit
274 1899 306 1947 de
317 1900 417 1947 interitu
426 1900 504 1948 vitam

69 1972 140 2012 tuam
157 1965 218 2027 :qui
230 1973 333 2012 coronat
349 1973 373 2013 te
389 1966 414 2012 in
430 1967 502 2014 mise·

68 2029 177 2077 ricordia
187 2037 211 2077 et
224 2030 428 2079 miserationibus.

103 2094 154 2156 Qui
175 2094 253 2158 replet
272 2097 297 2143 in
316 2096 387 2143 bonis
406 2096 502 2145 deside·

68 2159 133 2208 rium
157 2167 228 2207 tuum
255 2176 261 2207 τ
289 2161 447 2209 renovabitur
475 2170 501 2210 ut

68 2225 162 2288 aquilae
171 2224 289 2286 juventus
301 2233 350 2274 tua.

102 2291 208 2338 Faciens
220 2290 399 2339 misericordias
412 2291 500 2340 Domi·

66 2371 114 2404 nus
129 2373 136 2404 ε
152 2363 177 2404 et
191 2355 313 2418 judicium
330 2357 446 2406 omnibus
464 2361 500 2405 in·

64 2420 158 2484 juriam
171 2421 328 2484 patientibus.

100 2486 184 2534 Notas
195 2485 254 2534 iecit
265 2487 317 2534 vias
326 2503 382 2534 suas
395 2487 478 2550 Moysi
493 2506 500 2537 r

67 2550 124 2600 filiis
138 2551 216 2600 Israiil
227 2551 367 2600 voluntates
379 2568 442 2601 suas.

99 2617 235 2665 Miserator
249 2626 273 2665 et
290 2618 429 2666 misericors
447 2619 499 2667 Do·

65 2682 149 2730 minus
166 2699 172 2730 :
188 2681 338 2745 longanimis
350 2692 374 2731 et
392 2683 499 2732 multum

65 2748 213 2796 misericors.

98 2813 160 2860 Non
169 2813 196 2860 in
204 2821 353 2876 perpetuum
362 2813 480 2862 irascetur
492 2833 499 2863 ε

65 2893 146 2942 neque
161 2878 189 2926 iu
204 2886 324 2927 aeternum
336 2879 498 2927 comminabi-

66 2951 111 2992 tur.

97 3009 158 3057 Non
170 3009 305 3056 secundum
321 3019 426 3074 peccata
442 3026 500 3060 nos·

59 3081 94 3120 tra
112 3073 173 3120 fecit
189 3074 264 3123 nobis
283 3092 392 3143 :neque
410 3094 502 3130 secun·

112 3135 165 3199 283
212 3156 224 3164 ’-

453 99 564 186 araim.

845 130 889 178 Ad
898 131 961 178 Mar.

541 261 602 310 dum
626 263 769 327 iniquitates
792 272 877 313 nostra
906 265 973 312 retri-

541 328 595 376 buit
607 329 686 377 nobis.

575 394 701 456 Quoniam
714 396 848 443 secundum
862 395 972 442 altitudi-

540 475 598 507 nem
611 459 667 507 coeli
680 476 695 507 a
706 468 771 508 terra
786 479 791 508 :
804 461 972 508 corroboravit

540 525 735 573 misericordiam
758 542 828 574 suam
851 542 925 589 super
942 526 971 573 ti-

540 598 636 638 mentes
647 607 680 638 se.

574 655 703 717 Quantum
714 656 790 703 distat
806 664 874 704 ortus
886 657 918 703 ab
931 673 970 704 oc·

540 719 638 768 cidente
659 739 665 769 :
685 721 759 784 longe
783 722 840 770 fecit
862 738 877 768 a
899 722 971 770 nobis

540 785 683 848 iniquitates
694 795 797 835 nostras.

573 851 708 913 Quomodo
741 853 871 900 miseretur
901 862 971 915 pater

540 914 655 974 filiorum,
670 917 785 966 misertus
798 926 834 966 est
847 919 971 966 Dominus

539 981 683 1030 timentibus
702 999 728 1031 se
749 1001 755 1031 z
779 984 898 1046 quoniam
918 983 971 1046 ipse

538 1048 656 1110 cognovit
669 1047 815 1110 figmentum
827 1058 946 1097 nostrum.

572 1112 726 1161 Recordatus
738 1123 775 1162 est
786 1115 904 1177 quoniam
918 1113 971 1176 pul-

538 1178 575 1225 vis
587 1193 672 1226 sumus
687 1179 781 1227 :homo
797 1180 859 1227 sicut
876 1180 970 1227 soenum

537 1243 590 1290 dies
613 1243 686 1306 ejus;
708 1253 827 1309 tanquam
850 1245 896 1292 flos
918 1245 970 1308 agri

537 1308 572 1356 sic
585 1307 712 1357 efflorebit.

571 1373 697 1435 Quoniam
716 1375 816 1438 spiritus
836 1376 969 1439 pertransi·

537 1439 575 1486 bit
587 1439 613 1486 in
624 1439 677 1498 illo,
692 1448 716 1488 et
732 1456 783 1488 non
794 1441 909 1488 subsistet
927 1459 932 1488 ε
945 1450 968 1488 et

536 1519 587 1551 non
606 1513 740 1568 cognoscet
759 1506 866 1570 amplius
886 1506 969 1554 locum

536 1585 615 1618 suurn.

570 1635 743 1683 Misericordia
760 1644 842 1684 autem
864 1637 968 1684 Domini

536 1700 568 1746 ab
586 1709 678 1748 aeterno
694 1720 700 1749 :
718 1710 742 1749 et
760 1718 837 1765 usque
855 1703 880 1749 in
898 1712 968 1750 aetcr·

536 1781 596 1812 num
608 1782 682 1829 super
692 1767 806 1815 timentes
819 1783 882 1815 eum.

570 1831 602 1878 Et
612 1831 707 1893 justitia
720 1832 785 1879 illius
793 1832 818 1879 in
830 1833 894 1880 filios
904 1832 966 1880 filio·

536 1911 590 1942 rum
603 1896 659 1944 :his
671 1897 713 1961 qui
725 1906 823 1946 servant
836 1906 967 1946 testamen·

535 1961 670 2024 tumejus;

569 2027 602 2074 Et
620 2043 742 2076 memores
761 2036 817 2076 sunt
835 2030 965 2077 mandato-

535 2107 589 2139 rum
602 2092 678 2156 ipsius
693 2111 699 2140 :
712 2093 743 2140 ad
756 2093 896 2141 faciendum
909 2111 944 2142 ea.

568 2156 692 2206 Dominus
705 2158 730 2205 in
743 2158 807 2206 coelo
819 2161 914 2222 paravit
927 2176 964 2207 se·

533 2221 591 2269 dcrn
612 2239 682 2271 suam
698 2242 704 2270 :
722 2232 746 2272 et
764 2240 868 2286 regnum
886 2226 962 2288 ipsius

533 2288 649 2336 omnibus
661 2288 836 2337 dominabitur.

566 2353 711 2402 Benedicite
732 2355 850 2414 Domino,
877 2372 963 2404 onmes

532 2419 614 2481 angeli
632 2419 684 2482 ejus
705 2439 711 2468 ε
729 2429 843 2483 potentes
861 2421 960 2480 virtute,

532 2482 649 2532 facientes
661 2485 764 2532 verbum
782 2485 855 2544 illius,
871 2486 902 2533 ad
921 2503 962 2533 au-

531 2548 649 2596 diendam
657 2566 743 2598 vocem
751 2566 891 2598 sermonum
900 2551 959 2613 ejus.

566 2615 709 2663 Benedicite
733 2616 852 2674 Domino,
879 2618 963 2664 omnia

532 2679 633 2727 virtutes
645 2679 697 2742 ejus
713 2698 719 2728 ε
731 2681 838 2728 ministri
855 2682 907 2744 ejus
919 2683 962 2745 qui

532 2744 613 2793 facitis
624 2745 778 2793 voluntatem
791 2746 850 2809 ejus.

566 2810 709 2858 Benedicite
732 2810 851 2870 Domino,
877 2829 963 2861 omnes

532 2891 608 2938 opera
620 2875 671 2938 ejus
684 2894 690 2923 ε
702 2876 728 2923 in
738 2878 806 2924 omni
818 2878 875 2924 ioco
884 2878 963 2925 dorni-

532 2941 640 2988 nationis
658 2941 729 3003 ejns3
746 2942 859 3001 benedic,
880 2944 964 2990 anima

533 3023 600 3070 mea,
612 3007 739 3057 Domino.
