2116 3532
54 295 116 344 Dies
126 296 186 344 XX
190 296 232 343 Η.
449 290 560 358 rasam.
825 294 869 342 Ad
884 294 947 356 riost.

133 500 228 540 rectum
238 492 360 555 judicium
372 506 450 541 tuum.
520 503 603 542 autem
615 502 658 542 tua
669 494 743 557 longe
755 494 814 542 sacti
826 506 889 542 sunt.

167 557 294 606 Mandasti
307 558 428 621 justitiam
441 566 487 606 tes·
554 560 635 622 Prope
658 575 684 607 es
704 567 739 618 tu,
762 560 873 607 Domine
897 578 902 607 :
926 571 949 606 ct

53 622 161 670 timonio
172 631 215 670 tua
228 641 233 670 :
246 631 270 671 et
279 624 408 671 veritatem
420 631 487 671 tuam
521 641 606 672 omnes
618 625 665 672 viae
677 632 725 673 tuae
737 625 835 673 veritas.

55 687 140 735 nimis.
554 690 630 737 Initio
642 691 748 752 cognovi
758 691 789 739 de
801 689 948 738 testimoniis

88 752 229 801 Tabescere
257 768 297 801 me
331 752 388 802 fecit
422 752 488 802 zelus
520 755 657 819 tuiszquia
668 755 694 802 in
706 764 826 804 aeternum
842 755 950 803 fundasti

53 833 126 866 meus
147 818 229 881 :quia
246 818 318 866 obliti
338 825 395 867 sunt
412 819 488 867 verba
520 836 556 869 ea.

55 892 100 931 tua
111 883 206 930 rnrmrci
219 883 276 931 mei.

88 948 200 1011 Ignitum
218 948 345 1012 eloquium
362 956 432 997 tuum
447 965 487 997 ve-

54 1013 188 1061 hementer
207 1031 213 1061 :
231 1022 255 1062 et
273 1030 357 1062 servus
377 1023 433 1062 tuus
451 1015 487 1062 di·
586 1011 650 1058 IDE
672 1011 839 1060 humilitatem
858 1028 948 1069 meam,

55 1079 117 1126 lexit
130 1078 198 1126 illud.
520 1018 584 1142 V
618 1086 642 1124 et
655 1077 722 1140 eripe
731 1078 861 1140 me:quia
871 1078 950 1140 legem

89 1143 300 1193 Adolescentulus
318 1160 372 1192 sum
392 1160 446 1207 ego,
464 1155 488 1193 et
522 1150 588 1189 tuam
601 1157 652 1188 non
664 1159 718 1190 surn
731 1141 830 1190 oblitus.

55 1218 215 1272 contemptus
256 1227 262 1256 ε
300 1209 489 1272 justificationes
552 1207 651 1269 Judicia
671 1206 793 1269 judicium
814 1224 904 1262 meum,
928 1217 950 1256 et

56 1283 113 1323 tuas
126 1290 177 1322 non
189 1290 244 1322 sum
256 1274 354 1323 oblitus.
522 1272 615 1320 redime
627 1287 667 1320 me
682 1291 688 1320 :
706 1282 808 1336 propter
825 1274 951 1336 eloquium

87 1340 191 1402 Justitia
206 1347 249 1387 tua
264 1339 359 1402 justitia
376 1340 402 1388 in
419 1348 488 1388 aeter·
522 1345 591 1385 tuum
604 1336 702 1385 vivifica
714 1354 761 1386 me.

56 1420 118 1453 num
134 1423 140 1453 ε
153 1412 177 1453 et
189 1405 229 1452 lex
241 1413 284 1453 tua
295 1408 392 1453 veritas.
555 1403 643 1464 Longe
655 1418 669 1449 a
682 1404 853 1465 peccatoribus
866 1405 931 1452 salus
947 1424 952 1452 :

90 1470 232 1518 Tribulatio
250 1478 274 1518 et
291 1471 404 1533 angustia
423 1473 489 1519 inve·
522 1468 580 1531 quia
606 1467 795 1530 justificationes
824 1477 877 1517 tuas
902 1486 951 1517 non

57 1542 147 1583 nerunt
165 1551 205 1583 me
221 1553 226 1583 :
245 1535 362 1584 mandata
379 1544 422 1584 tua
438 1552 489 1585 me·
523 1533 697 1596 exquisierunt.

57 1601 148 1648 ditatio
161 1616 217 1648 mea
229 1609 272 1648 est.
557 1599 735 1647 Misericordiae
743 1606 791 1647 tuae
800 1599 892 1658 multae,
902 1601 953 1648 Do-

91 1665 209 1729 AEquitas
232 1666 376 1714 testimonia
399 1673 442 1714 tua
465 1667 490 1714 in
523 1663 877 1727 mine:secuudumjudiciu1n
886 1675 954 1713 tuum

58 1739 179 1779 aeternum
192 1749 198 1779 z
211 1731 363 1780 intellectum
374 1732 408 1780 da
419 1732 488 1792 mihi,
524 1728 622 1777 vivifica
634 1745 680 1778 me.

59 1804 84 1844 et
95 1796 187 1845 vivam.
558 1793 634 1842 Multi
651 1795 694 1858 qni
712 1804 892 1859 persequuntur
904 1813 951 1853 me,

525 1865 550 1906 et
562 1859 680 1907 tribulant
698 1876 759 1908 me:
776 1876 791 1909 a
808 1863 956 1910 testimoniis

526 1925 574 1972 tuis
586 1940 638 1972 non
649 1925 779 1974 declinavi.

67 1994 138 2042 DIES
151 1992 250 2040 XXVI.
288 1989 473 2058 &tilianam
558 1989 619 2037 Vidi
647 1991 844 2053 praevaricantes,
868 2001 892 2040 et
921 2000 956 2039 ta-

525 2055 657 2103 bescebam
668 2056 740 2120 :quia
748 2057 846 2120 eloquia
856 2067 897 2105 tua
908 2074 957 2106 uon

120 2109 267 2158 LAMAVI
293 2111 319 2159 ln
342 2120 395 2160 toto
418 2112 493 2160 corde
525 2120 701 2169 custodierunt,

131 2191 228 2251 'me03
245 2176 334 2250 &Udi
344 2194 391 2236 1¹¹⁰,
405 2178 492 2252 DOml·
559 2185 624 2234 Vide
642 2186 760 2249 quoniam
779 2187 896 2235 mandata
914 2196 956 2235 tna

60 2256 91 2289 ne
106 2259 112 2289 ἓ
127 2240 319 2303 Jussilficaifflsses
338 2250 392 2290 luas
412 2259 488 2307 requl·
525 2250 608 2309 dilexi,
621 2251 730 2300 Domine
742 2252 781 2300 :in
789 2253 956 2300 misericordia

60 2322 119 2354 ram·
201 2371 207 2381 .
525 2322 567 2363 tua
579 2315 677 2364 vivifica
689 2333 736 2365 me.

92 2371 209 2419 ClamaVI
225 2372 258 2420 ad
276 2379 317 2446 lest
339 2372 434 2421 salvum
453 2390 492 2421 me
558 2382 850 2444 Principiumverborum
858 2391 956 2431 tuorum

59 2435 97 2484 fac
123 2455 130 2485 2
154 2445 180 2485 ul
206 2438 345 2486 custOdlam
374 2439 492 2487 mandata
525 2447 614 2494 veritas
631 2447 674 2495 :in
687 2455 808 2496 aeternum
820 2450 905 2496 omnia
918 2450 956 2512 ju·

60 2510 109 2549 111&
201 2567 206 2576 ,
236 2567 241 2577 Ι
525 2511 773 2575 diciajustitiaetuae.

93 2567 208 2614 Praevenr
235 2583 261 2615 m
289 2568 440 2627 maturitate,
467 2577 491 2617 et

60 2631 165 2680 clamavi
191 2650 196 2680 :
219 2633 279 2696 quia
301 2634 327 2681 in
351 2634 427 2682 verba
450 2642 492 2682 tua

60 2699 243 2760 supersperavi.
588 2701 655 2749 RIN
658 2701 760 2751 CIPES
770 2706 891 2767 persecuti
901 2715 955 2753 sunt

93 2762 270 2812 Praevenerunt
281 2763 347 2811 oculi
359 2764 408 2811 mei
420 2764 452 2811 ad
468 2772 492 2813 te
620 2783 660 2815 me
678 2769 755 2831 gratis
776 2788 782 2818 ε
801 2778 824 2817 et
842 2786 857 2816 a
875 2772 957 2818 verbis

58 2827 171 2876 diluculo
198 2846 204 2876 :
232 2829 365 2878 meditarer
393 2829 492 2894 eloquia
525 2831 574 2880 tuis
587 2832 730 2881 formidavit
743 2850 887 2882 cormeum.

60 2900 109 2941 tua.
559 2898 676 2946 Laetabor
699 2916 745 2961 ego
768 2915 841 2962 super
859 2901 958 2963 eloquia

93 2959 191 3006 Vocem
199 2975 280 3007 meam
290 2959 348 3007 audi
357 2960 493 3007 secundum
526 2970 569 3010 tua
592 2982 598 3011 ε
618 2963 681 3011 sicut
703 2965 745 3028 qui
764 2965 858 3012 invenit
878 2967 957 3028 spolia

60 3023 256 3072 misericordiam
269 3032 345 3082 tuam,
362 3025 494 3074 Domine:
526 3029 612 3076 multa.

60 3099 85 3137 et
108 3089 246 3137 secundum
272 3089 394 3153 judicium
423 3099 494 3138 tuum
560 3093 720 3156 Iniquitatem
746 3093 805 3141 odio
828 3094 904 3142 habui
934 3107 957 3144 et

61 3153 160 3202 vivifica
172 3169 220 3204 me.
526 3158 686 3207 abominatus
696 3175 754 3207 surn
764 3177 774 3207 ·.
783 3159 869 3222 legem
878 3169 969 3206 autern

92 3220 365 3342 Apppopmquaverunt
410 3236 494 3286 perse·
527 3232 600 3275 tuam
611 3225 700 3276 dilexi.

51 426 219 581 JUSTUS
241 443 275 486 es,
299 427 408 476 Domine
435 445 441 475 :
464 436 487 475 et
521 435 625 492 quentes
643 444 684 476 me
701 428 825 492 iniquitati
842 448 847 477 :
865 445 880 476 a
897 428 951 492 lege
