2116 3532
73 261 182 313 »ΜΚ
451 265 564 333 {aalma
658 335 661 341 .
831 274 878 322 ard
891 276 956 338 νων).

71 402 200 452 alatione
213 421 219 452 :
231 403 387 452 adducentur
397 403 423 452 in
436 410 498 452 tem·
531 419 578 466 ego
601 419 656 452 sum
679 404 768 453 Deus:
789 405 918 454 exaltabor
940 405 966 453 in

70 468 134 531 plum
149 469 234 532 Regis
530 469 654 532 gentibus,
669 479 693 518 et
705 471 834 519 exaltabor
846 473 870 518 in
883 480 954 519 terra.

97 535 148 583 Pro
169 535 282 598 patribus
301 534 349 582 tuis
368 535 421 582 nati
441 542 498 582 sunt
564 535 688 583 Dominus
696 537 813 584 virtutum
821 536 966 584 nobiscum:

70 598 111 647 tibi
133 599 200 648 filii:
217 599 353 648 constitues
371 616 414 648 eos
432 600 498 663 prin·
529 609 657 664 susceptor
667 610 752 650 noster
764 602 833 650 Deus
842 602 929 666 Jacob.

70 664 132 729 cipes
143 681 221 728 super
231 681 331 714 omnem
344 676 441 713 terram.

98 731 227 779 Memores
238 738 309 778 erunt
322 731 439 778 Nominis
452 731 495 790 tui,

71 791 196 844 Domine:
213 796 240 843 in
255 796 323 843 omni
340 797 499 859 generatione
570 786 639 835 DIES
652 788 700 837 IX·
721 785 761 842 Qu
773 786 909 856 Ftupttas.

70 868 90 909 et
99 861 295 924 generationem.

96 925 234 990 Propterea
245 925 333 990 populi
344 926 499 975 confitebun·
617 918 747 966 PSALMUS
765 918 875 969 XLVII·

66 992 179 1105 stiaerculum
210 1007 238 1039 ¹¹¹
260 1000 397 1104 {giemum
425 1000 450 1040 et
472 1007 499 1040 ¹¹²
591 1021 692 1070 MNES
729 1029 816 1085 gentes
852 1022 965 1086 plaudite

139 1073 183 1106 ⁰¹¹¹
195 1072 260 1105 ξω
271 1074 287 1105 ¹·
623 1087 757 1136 manibus:
783 1087 889 1150 jubilate
907 1090 964 1138 Deo

530 1150 557 1198 in
568 1166 630 1199 voce
642 1152 822 1202 exsultationis.

155 1217 288 1266 Psnnnus
305 1217 402 1267 XLVI.
564 1216 691 1278 Quoniam
712 1218 836 1266 Dominus
854 1219 964 1269 excelsus

488 1316 498 1357 t
530 1282 664 1330 terribilis:
683 1283 738 1331 Rex
760 1299 865 1347 magnus
890 1301 964 1349 super

529 1356 740 1397 omnemterram.

563 1412 674 1476 Subjecit
696 1413 803 1477 populos
825 1414 915 1464 nobis:
940 1423 964 1464 et

527 1484 614 1540 gentes
626 1479 672 1526 sub
684 1480 790 1542 pedibus
802 1481 899 1529 nostris.

561 1542 644 1607 Elegit
680 1545 753 1592 nobis
791 1545 962 1594 haereditatem

527 1624 615 1720 sulam:
643 1610 751 1673 speciem
777 1610 858 1674 Jacob
886 1627 961 1675 quam

525 1674 551 1721 di
563 1674 620 1723 exit.

560 1739 681 1788 Ascendit
699 1741 768 1788 Deus
779 1741 806 1789 in
820 1741 901 1803 jubilo
915 1759 921 1790 :
937 1749 963 1790 et

528 1804 652 1853 Dominus
664 1808 690 1853 in
703 1821 763 1854 voce
775 1807 848 1855 tubae.

561 1870 663 1918 Psallite
676 1871 732 1919 Deo
742 1879 834 1930 nostro,
847 1871 962 1935 psallite:

527 1935 627 1999 psallite
640 1936 704 1998 Regi
717 1945 809 1994 nostro,
824 1937 930 2000 psallite.

562 2000 688 2062 Quoniam
713 2002 769 2049 Rex
786 2003 867 2049 omnis
890 2012 961 2052 terrae

528 2065 616 2113 Deus:
633 2066 732 2129 psallite
744 2066 875 2130 sapienter.

562 2131 687 2194 Regnabit
697 2132 767 2179 Deus
776 2148 850 2196 super
857 2140 944 2196 gentes
956 2152 962 2182 :

528 2195 597 2244 Deus
614 2196 684 2244 sedet
702 2213 776 2260 super
792 2198 876 2246 sedem
891 2214 962 2246 sanc·

527 2268 668 2310 tamsuam.

560 2327 688 2390 Principes
697 2327 847 2391 populorum
859 2344 961 2392 congre·

526 2392 577 2454 gati
596 2402 652 2440 sunt
665 2408 721 2440 cum
735 2393 791 2441 Deo
809 2394 938 2442 Abraham
955 2413 961 2443 ε

526 2458 646 2520 quoniam
658 2457 693 2505 dii
711 2457 787 2506 sortes
799 2466 870 2507 terrae
887 2460 960 2509 vehe-

526 2530 622 2571 menter
633 2523 723 2571 elevati
734 2530 798 2572 sunt.

131 1307 203 1357 EUS
222 1314 307 1356 noster
328 1308 450 1371 refugium
473 1326 487 1357 e

165 1373 242 1421 virtus
255 1391 261 1421 :
273 1373 372 1436 adjutor
383 1375 409 1422 in
421 1375 497 1422 tribu·

61 1437 198 1514 lationibus
215 1454 271 1502 quae
288 1439 434 1488 invenerunt
451 1456 497 1488 nos

61 1519 144 1552 nrmrs.

93 1570 233 1633 Propterea
267 1585 319 1617 non
353 1569 496 1619 timebimus

60 1634 122 1682 dum
163 1634 302 1683 turbabitur
341 1642 427 1684 terra:
471 1645 496 1684 et

61 1699 239 1748 transferentur
270 1707 367 1749 montes
399 1701 426 1749 in
453 1717 497 1749 cor

61 1765 143 1814 maris

94 1831 238 1880 Sonuerunt
261 1838 285 1880 et
308 1831 413 1880 turbatae
439 1838 496 1880 sunt

61 1911 132 1960 aquae
156 1911 260 1944 eorum:
277 1898 417 1945 conturbati
440 1905 497 1946 sunt

60 1968 160 2010 montes
170 1961 197 2009 in
209 1961 352 2010 fortitudine
364 1963 423 2025 ejus.

93 2027 217 2074 Fluminis
249 2027 356 2090 impetus
388 2027 497 2077 laetiiicat

61 2091 188 2140 civitatem
200 2092 250 2140 Dei
263 2110 269 2140 :
287 2091 449 2141 sanctificavit
461 2102 496 2141 ta·

60 2157 222 2206 bemaculum
234 2173 305 2205 suum
318 2158 468 2206 Altissimus

92 2223 165 2271 Deus
193 2223 219 2270 in
246 2223 330 2271 medio
353 2224 423 2286 ejus;
445 2239 496 2271 non

61 2287 277 2337 commovebitur:
294 2288 422 2351 adjuvabit
440 2305 495 2338 eam

62 2353 132 2402 Deus
144 2369 218 2401 mane
229 2353 346 2402 diluculo.

93 2418 258 2467 Conturbatae
276 2427 333 2467 sunt
352 2427 447 2482 gentes,
470 2427 495 2468 et

61 2482 180 2532 inclinata
207 2490 265 2532 sunt
293 2500 390 2547 regna:
423 2485 493 2534 dedit

61 2564 149 2597 vocem
160 2564 239 2607 suam,
254 2557 323 2597 mota
334 2557 371 2598 est
383 2557 453 2598 terra.

93 2614 495 2665 Dominusvirtutumnobiscnm2

61 2687 191 2742 susceptor
201 2688 285 2727 noster
298 2680 367 2728 Deus
376 2681 463 2743 Jacob.
608 2708 741 2757 Psmws
759 2709 876 2758 XLVIII

92 2745 186 2793 Venite
204 2752 228 2793 et
248 2744 331 2793 videte
346 2761 422 2808 opera
442 2746 495 2794 Do·
684 2746 690 2756 ⁴
879 2747 885 2759 '

60 2810 140 2858 mini:
157 2825 214 2873 quae
230 2811 313 2874 posuit
330 2811 444 2874 prodigia
455 2827 495 2859 su·
528 2804 578 2925 χ
616 2811 741 2861 AGNUS
771 2812 903 2872 Dominus,
936 2822 960 2862 et

59 2883 214 2939 perterram
528 2838 574 2929 is
648 2876 779 2925 laudabilis
807 2878 900 2925 nimis:
934 2879 960 2926 in

92 2939 412 3004 Auferensbellausquead
420 2941 495 2990 finem
526 2940 628 2990 civitate
645 2942 694 2990 Dei
717 2942 803 3001 nostri,
828 2943 855 2991 in
875 2953 960 2992 monte

59 3013 148 3055 rerrae:
166 3021 249 3053 arcum
263 3013 381 3064 conteret,
396 3015 420 3055 et
437 3023 495 3055 con·
526 3014 612 3055 sancto
624 3006 683 3070 ejus.

60 3071 151 3133 sringet
180 3086 267 3132 arma;
284 3078 309 3119 et
337 3080 406 3119 scuta
428 3087 495 3120 com·
560 3072 691 3120 Fundatur
718 3072 882 3122 exsultatione
904 3074 958 3121 uni-

58 3137 131 3185 buret
143 3136 203 3199 igni
526 3153 604 3186 versae
616 3145 687 3186 terrae
698 3153 772 3186 mons
784 3138 867 3187 Sion:
882 3139 964 3186 latera

92 3201 192 3259 vacate,
219 3207 245 3248 et
267 3200 350 3250 videte
372 3203 494 3266 quoniam
526 3204 664 3272 aquilonis,
679 3205 771 3256 ciuitas
779 3205 865 3270 Regis
877 3204 978 3266 magnit.

112 3271 164 3322 ²45
