2116 3532
56 283 119 334 Dra
130 282 193 334 Χν.
457 274 568 345 tantm
830 275 957 338 Aduen-

56 428 112 478 dies
125 443 231 476 eorum:
242 427 494 477 etannieommcum
525 443 612 477 eorum
632 444 638 478 :
662 435 687 478 et
703 429 801 478 labores
818 445 903 478 eorum
921 429 956 478 io·

56 493 226 543 festinatione.
525 503 607 543 custae.

92 559 161 608 Cum
184 558 308 607 occideret
331 574 382 619 eos,
400 574 493 623 quaere·
558 560 592 608 Et
604 559 730 608 occiditin
741 560 862 623 grandine
873 560 958 608 vineas

55 624 121 673 bant
139 639 197 671 eum
209 631 233 672 et
245 624 430 672 revertebantur
445 641 450 674 :
468 633 493 673 et
525 641 611 673 eorum
632 643 638 673 ε
667 633 691 674 et
713 641 797 673 moros
823 641 908 674 eorum
931 626 958 672 in

56 687 172 738 diluculo
183 689 316 737 veniebant
328 689 360 736 ad
372 706 436 738 eum.
525 691 621 754 pmina.

92 755 128 802 Et
154 754 312 802 rememorati
339 763 404 813 sunt,
435 754 494 819 quia
559 756 591 803 Et
604 755 705 803 tradidit
720 756 835 818 grandini
845 755 958 818 jumenta

58 820 131 868 Deus
154 818 254 881 adjutor
275 827 312 867 est
334 835 420 868 eorum
440 838 446 868 :
469 829 493 868 et
525 836 611 868 eorum
626 838 633 868 :
648 830 673 869 et
682 822 864 884 possessionem
872 838 957 869 eorum

59 885 131 933 Deus
140 884 251 933 excelsus
258 884 494 948 redemptoreorum
525 885 583 948 igni.

59 958 104 999 est.
559 951 629 998 Misit
649 951 675 998 in
695 967 739 999 eos
758 951 821 999 iram
843 952 957 1014 indigna·

92 1015 128 1063 Et
149 1014 290 1063 dilexerunt
318 1030 376 1063 eum
401 1015 427 1062 in
451 1031 494 1063 ore
524 1017 600 1064 tionis
618 1031 688 1065 sum:
708 1017 912 1080 indignationem,
933 1026 957 1065 et

59 1095 105 1129 suo
116 1098 123 1130 :
136 1087 160 1128 et
171 1078 257 1143 lingua
268 1096 312 1128 sua
327 1081 424 1129 mentiti
436 1089 493 1129 sunt
525 1081 595 1140 iram,
608 1089 633 1130 et
643 1082 829 1130 tribulationem
839 1101 846 1141 ;
864 1083 957 1129 immis-

60 1146 90 1195 ei.
525 1147 606 1194 siones
617 1163 662 1210 per
673 1147 775 1210 angelos
786 1148 872 1196 malos.

92 1210 145 1259 Cor
164 1216 249 1258 autem
269 1225 355 1259 eorum
372 1226 423 1259 non
441 1217 493 1259 erat
558 1211 633 1259 Viam
651 1212 709 1260 iecit
726 1213 820 1261 semitae
838 1213 880 1260 irae
896 1229 954 1270 suae,

60 1284 156 1325 rectum
179 1290 236 1323 cum
259 1291 289 1324 eo
310 1293 316 1323 :
339 1291 385 1324 nec
408 1275 494 1325 fideles
524 1293 575 1325 non
587 1277 697 1340 pepercit
710 1286 816 1326 amorte
827 1279 958 1325 animabus

60 1340 139 1390 habiti
150 1348 208 1389 sunt
220 1341 245 1388 in
257 1346 405 1389 testamento
417 1341 476 1403 ejus.
525 1358 611 1391 eorum
630 1360 635 1390 :
653 1351 678 1391 et
695 1342 808 1405 jumenta
829 1360 914 1391 eorum
932 1344 957 1390 in

91 1407 152 1470 Ipse
164 1413 248 1454 autem
260 1414 297 1454 est
307 1406 454 1466 misericors,
469 1415 493 1455 et
524 1416 604 1455 morte
616 1407 744 1456 conclusit.

59 1471 182 1536 propitius
200 1470 242 1519 fiet
259 1474 367 1534 peccatis
385 1488 493 1521 eorum:
558 1473 591 1521 Et
616 1473 737 1535 percussit
763 1489 838 1521 omne
864 1474 956 1536 primo·

59 1546 83 1587 et
93 1553 146 1585 non
158 1536 285 1600 disperdet
297 1552 346 1585 eos.
523 1538 635 1600 genitum
648 1538 673 1585 in
688 1547 752 1587 terra
764 1539 868 1601 AEgypti
885 1558 890 1587 :
909 1540 956 1602 pri·

90 1603 125 1650 Et
151 1601 288 1649 abundavit
317 1610 343 1650 ut
372 1609 492 1650 averteret
524 1603 606 1650 initias
624 1605 705 1651 onmis
722 1603 814 1651 laboris
831 1620 917 1652 eorum
932 1604 957 1652 in

59 1667 121 1716 iram
143 1682 216 1716 suam
235 1674 283 1715 :et
305 1683 356 1715 non
378 1668 492 1716 accendit
524 1668 689 1716 tabernaculis
703 1669 791 1717 Cham.

58 1748 160 1782 omnem
172 1732 233 1779 iram
247 1747 334 1780 suam:
559 1733 592 1781 Et
604 1734 705 1782 abstulit
722 1734 785 1782 sicut
802 1750 861 1782 oves
877 1751 955 1798 popu·

90 1798 125 1846 Et
143 1796 286 1845 recordatus
303 1805 339 1845 est
357 1797 416 1860 quia
434 1813 492 1847 caro
523 1797 574 1845 ium
598 1815 670 1846 suum
691 1817 697 1847 z
726 1808 750 1847 et
774 1799 889 1862 perduxit
914 1817 956 1848 eos

56 1871 114 1912 sunt
135 1881 141 1911 :
165 1862 266 1926 spiritus
282 1862 376 1910 vadens
396 1870 421 1911 et
440 1879 492 1911 non
523 1871 642 1926 tanquam
654 1880 754 1927 gregem
767 1864 792 1911 in
804 1864 910 1913 deserto.

56 1930 164 1978 rediens.
557 1929 589 1976 Et
601 1928 704 1977 deduxit
713 1946 755 1977 eos
768 1929 793 1976 in
805 1946 856 1992 spe,
868 1939 892 1978 et
904 1947 955 1977 non

89 1993 198 2056 Quoties
214 1992 422 2041 exacerbaverunt
434 2009 491 2041 eum
523 1993 658 2042 timuemnt
673 2013 679 2042 :
697 2004 721 2043 et
739 1995 852 2043 inimicos
870 2012 955 2044 eorum

54 2059 81 2108 in
99 2059 200 2108 deserto
215 2075 221 2106 :
239 2058 265 2105 in
277 2057 339 2105 iram
352 2059 491 2106 concitave-
523 2060 620 2122 operuit
632 2075 707 2108 mare.

54 2133 114 2174 runt
126 2140 185 2173 eum
197 2123 222 2170 iu
234 2123 373 2187 inaquoso?
556 2124 588 2172 Et
612 2125 708 2173 induxit
730 2141 772 2174 eos
795 2125 821 2173 in
843 2133 954 2174 montem

89 2190 124 2238 Et
142 2189 254 2237 conversi
272 2197 328 2236 sunt
344 2195 368 2236 et
380 2195 490 2236 tentave-
522 2188 724 2238 sanctificationis
740 2207 811 2238 suae:
832 2200 951 2251 montem,

54 2263 113 2304 runt
126 2254 212 2302 Deum
224 2271 230 2301 ε
242 2261 267 2302 et
280 2253 400 2302 Sanctum
413 2254 490 2302 Israel
522 2270 596 2318 quem
608 2255 738 2318 acquisivit
749 2256 851 2303 dextera
863 2256 921 2318 ejus.

55 2319 275 2370 exacerbaverunt.
556 2320 590 2367 Et
622 2320 694 2382 ejecit
727 2337 742 2368 a
773 2320 836 2368 facie
869 2338 953 2369 eorum

89 2386 153 2434 Non
175 2392 232 2432 sunt
257 2383 380 2431 recordati
402 2399 490 2431 manus
522 2392 609 2447 gentes
631 2403 637 2433 :
661 2393 685 2434 et
713 2394 779 2434 sorte
806 2386 891 2434 divisit
919 2388 954 2434 eis

54 2451 110 2514 ejus
126 2467 133 2498 ε
151 2449 193 2497 die
209 2465 258 2513 qua
278 2448 382 2497 redemit
399 2465 442 2497 eos
458 2449 491 2498 de
522 2459 613 2497 terram
641 2450 667 2498 in
699 2450 810 2499 funiculo
837 2452 953 2500 distribu-

55 2531 134 2564 manu
147 2514 293 2562 tribulantis.
522 2515 603 2564 tionis.

90 2581 162 2630 Sicut
171 2579 254 2643 posuit
263 2579 289 2626 in
298 2579 410 2643 AEgypto
419 2579 491 2642 signa
555 2581 588 2628 Et
610 2580 723 2629 habitare
746 2581 804 2629 iecit
826 2584 852 2628 in
873 2582 952 2630 taber·

54 2662 101 2696 sua
116 2664 122 2694 z
141 2653 166 2694 et
177 2644 292 2708 prodigia
307 2644 388 2692 suain
400 2661 490 2708 campo
522 2646 616 2693 naculis
628 2662 713 2694 eomm
727 2646 822 2694 :tribus
835 2648 918 2695 Israel.

55 2713 165 2760 Taneos.
555 2712 588 2758 Et
606 2719 762 2759 tentaverunt
781 2719 805 2760 et
823 2713 953 2760 exacerba-

90 2777 124 2826 Et
148 2775 269 2823 convertit
291 2773 317 2822 in
343 2774 490 2837 sanguinem
521 2784 609 2824 verunt
637 2777 721 2824 Deum
750 2777 873 2825 excelsum
899 2796 905 2824 :
929 2786 952 2826 et

55 2841 162 2891 flumina
198 2855 283 2888 eorum
307 2857 312 2888 :
337 2847 362 2888 et
398 2841 489 2889 imbres
522 2842 663 2889 testimonia
680 2841 732 2905 ejus
749 2857 800 2890 non
819 2843 953 2891 custodier-

55 2922 152 2964 eorum,
167 2921 199 2952 ne
210 2905 330 2953 biberent.
522 2914 574 2955 unt.

90 2972 162 3020 Misit
174 2970 200 3017 in
216 2986 259 3018 eos
276 2970 450 3032 coenomyiam,
465 2979 490 3018 et
557 2973 589 3019 Et
606 2978 745 3020 averterunt
757 2987 790 3030 se,
806 2979 830 3020 et
842 2988 892 3019 non
905 2989 952 3020 ser-

56 3036 166 3086 comedit
179 3051 222 3083 eos
237 3053 242 3083 :
260 3042 284 3082 et
295 3051 389 3094 ranam,
405 3043 429 3083 et
440 3035 489 3084 dis·
523 3046 641 3085 vaverunt
653 3046 753 3100 pactum
770 3055 775 3085 :
793 3039 954 3100 quemadmo-

56 3102 167 3167 perdidit
179 3117 229 3149 eos.
522 3102 582 3149 dum
611 3111 693 3165 patres
722 3119 815 3160 eorum,
842 3104 954 3152 conversi

88 3165 230 3277 Et6dedit
261 3164 362 3229 aerugini
395 3165 490 3216 fructus
523 3165 846 3233 suntinarcumnrauum.

118 3241 169 3290 27
