2116 3532
112 831 308 880 FESTORUM
327 831 516 880 MOBILIUM
536 831 582 879 ET
601 832 837 882 IMMOBILIUM

79 945 119 993 ET
137 946 283 996 DIERUM
299 947 314 1011 J
318 945 440 1010 EJUNII
462 945 508 993 ΕΤ
526 946 788 996 ABSTINENTIAE
807 949 877 997 PER

322 1062 454 1111 TOTUM
473 1062 620 1111 ANNUM

59 1324 218 1380 REGULAE
230 1338 347 1392 Quissus
361 1338 513 1378 REPERuu
528 1338 645 1380 POTEST
659 1339 793 1392 QUANDO
808 1340 904 1381 FESTA

134 1449 267 1492 monim
287 1449 327 1488 ET
345 1447 499 1489 TEMPORA
517 1447 617 1489 SACRA
638 1448 813 1489 INCIPIANT.

114 1608 168 1657 IES
188 1608 291 1656 Paschae
304 1608 345 1665 (ex
361 1623 412 1671 quo
430 1607 525 1671 reliqua
542 1607 588 1655 fest
579 1615 604 1654 ta
621 1606 726 1655 mobilia
743 1607 861 1670 pendent)
874 1625 904 1657 ea

143 1714 241 1762 semper
253 1706 289 1746 est
303 1698 437 1745 Dominica
446 1713 502 1761 quae
514 1697 627 1760 proxime
639 1697 783 1745 succedit'
761 1714 809 1746 xiv.
824 1699 903 1747 Lunae

58 1801 99 1848 quae
117 1790 182 1838 diem
200 1789 247 1836 xxi.
270 1788 362 1835 mensis
380 1788 465 1835 Martii
483 1788 597 1850 proxime
614 1787 730 1850 sequitur.
773 1788 801 1836 Si
819 1797 903 1837 autem

58 1876 152 1928 iiesxiv.
168 1878 271 1927 Lunae
265 1894 290 1926 m
308 1878 375 1926 diem
394 1877 556 1925 Dominicum
573 1877 636 1925 forte
653 1876 774 1935 inciderit,
757 1879 903 1941 tproxima

58 1967 174 2019 Dominica
186 1971 217 2018 sit
229 1970 283 2018 dies
297 1969 405 2017 Paschae

80 2109 206 2158 Dominica
227 2110 359 2157 Adventus
379 2125 409 2156 ea
428 2125 527 2172 semper
544 2117 580 2157 est
599 2109 734 2157 Dominica
752 2126 808 2173 quae
827 2110 903 2158 Festo

58 2196 126 2248 Sancti
138 2201 247 2248 Andreae
260 2201 374 2264 proxima
385 2201 416 2247 sit
429 2199 468 2248 vel
480 2207 538 2248 ante
550 2199 589 2247 vel
602 2207 665 2263 post

254 2337 450 2400 Septuagesimae
478 2345 515 2385 est
536 2337 619 2386 Nona„

254 2403 420 2465 Sexagesimae
487 2438 504 2461 ‚,
536 2403 640 2450 Octava.

253 2468 474 2530 Quinquagesimae
487 2505 504 2527 ,‚
537 2468 657 2530 Septima.

253 2533 458 2594 Quadragesimae
487 2568 504 2591 ,‚
537 2533 620 2582 Sexta.

79 2433 207 2483 Dominica

208 630 419 697 TABULAE
443 631 505 694 ET
530 630 743 697 REGULAE

925 2182 927 2227 i

866 2414 926 2579 Ξ

104 2673 237 2721 Dominica
257 2672 427 2734 Rogationum
444 2678 480 2719 est
498 2672 599 2733 Quinta

104 2739 162 2786 Dies
176 2738 337 2785 Ascensionis
452 2772 469 2796 ‚,
497 2737 608 2785 XLmus.

104 2803 408 2851 DominicaPentecostes
451 2838 468 2860 ‚‚
497 2802 617 2865 Septima.

103 2868 295 2917 DominicaSS.
308 2867 467 2926 Trinitatis„
496 2867 599 2916 Octava„
649 2919 654 2929 ,
